2310 3392
137 352 193 380 1202
2111 339 2208 383 (416)

267 450 596 490 Conspectus
636 447 930 488 specierum
971 444 1370 487 principalium.

266 539 306 569 A.
328 537 592 568 Insloresccntia
618 536 746 577 ampla.
775 535 866 569 laxa,
896 534 1104 566 divaricata.

132 608 301 639 Foliolum
336 608 517 639 terminale
549 606 914 648 olJIOngo-ellipticum
957 629 1746 636 ..................
1799 604 1840 635 R.
1860 603 2020 635 adscitus.

265 715 304 745 B.
336 713 600 745 Inssorescentia
628 713 831 754 cylindrica,
861 722 1010 754 superne
1039 712 1158 743 densa.

331 802 355 833 Ι.
373 802 493 834 Aculei
520 802 607 834 rami
634 802 758 833 fertilis
785 802 851 833 sub
878 801 1140 833 inflorescentia
1167 800 1272 842 longi,
1301 800 1421 831 validi.

373 892 402 915 a.
420 882 553 913 Foliola
580 882 663 918 lata,
692 881 877 913 terminale
904 881 1168 913 suborbiculare
1197 881 1252 912 vel
1280 881 1350 912 late
1377 881 1584 922 ellipticuni.

131 953 414 985 Inslorescentiae
442 953 581 985 rhachis
609 963 689 985 cum
717 953 862 985 ramulis
891 953 995 984 dense
1024 952 1371 984 tomentoso-villosa
1421 977 1746 983 ........
1800 952 1842 983 R.
1860 951 2008 983 vestitus.

131 1007 415 1039 Inflorescentiae
440 1007 579 1038 rhachis
606 1017 686 1038 cum
712 1007 856 1038 ramulis
882 1007 1259 1038 breviter—tomentosa
1326 1031 1747 1037 ..........
1801 1006 1842 1037 R.
1861 1005 2079 1047 conspicuus.

372 1096 405 1127 b.
424 1096 558 1128 Foliola
583 1096 746 1137 oblonga,
774 1096 944 1127 rhombea
969 1096 1026 1127 vel
1052 1095 1221 1127 obovata.

128 1167 247 1198 Aculei
266 1167 447 1199 turionum
465 1167 584 1204 validi,
609 1167 814 1203 lanceolati;
840 1167 1101 1198 inflorescentia
1120 1170 1173 1199 sat
1193 1167 1308 1207 longa,
1334 1167 1577 1209 pyramidalis,
1598 1177 1748 1209 superne

264 1220 433 1257 conferta,
461 1221 605 1252 ramulis
631 1221 762 1252 villosis
819 1246 1747 1252 .....................
1800 1221 1841 1252 R.
1859 1221 2104 1262 pyramislalis.

132 1273 394 1305 Inflorescentia
415 1274 589 1315 elongata,
619 1284 723 1317 saepe
740 1274 954 1316 longissima.
985 1277 1148 1316 angusta,
1178 1275 1323 1306 ramulis
1351 1274 1507 1306 breviter
1536 1275 1747 1306 tomentosis
1799 1275 2117 1316 Rmacrothyrsos.

310 1363 354 1394 ΙΙ.
372 1363 492 1395 Aculei
519 1364 605 1395 rami
632 1364 756 1395 fertilis
782 1364 846 1395 sub
873 1364 1134 1395 inflorescentia
1162 1374 1287 1406 parum
1315 1365 1479 1406 majores.

372 1462 402 1484 a.
433 1454 558 1495 Sepala
584 1454 619 1485 in
646 1454 765 1485 fructu
792 1454 935 1485 reflexa.

128 1523 258 1555 Foliola
276 1532 391 1564 grosse
410 1527 553 1560 serrata,
573 1525 757 1557 terminale
775 1528 924 1557 ovatum
941 1525 997 1557 vel
1015 1525 1227 1568 ellipticu1n;
1246 1526 1356 1557 aculei
1376 1526 1463 1557 rami
1482 1526 1606 1557 fertilis
1624 1525 1746 1557 falcati
1799 1526 1839 1557 R.
1858 1526 2063 1558 erubescens.

371 1613 404 1644 b.
426 1613 551 1655 Sepala
578 1614 611 1645 in
639 1614 758 1646 fructu
785 1615 947 1656 patentia
974 1615 1029 1646 vel
1056 1616 1296 1647 ascendentia.

419 1694 446 1724 1.
465 1694 585 1725 Aculei
612 1694 646 1725 in
673 1694 834 1726 inferiore
862 1695 1011 1727 turionis
1037 1698 1137 1737 parte
1164 1696 1268 1727 valde
1295 1696 1499 1738 inaequales
1525 1696 1687 1731 conferti,
1716 1696 1750 1728 in

463 1748 639 1789 superiore
666 1748 776 1790 sparsi
804 1751 835 1779 et
865 1749 1110 1790 subaequales.

130 1815 393 1850 Inflorescentia
419 1818 629 1850 subinermis
680 1844 1748 1853 ........................
1802 1822 1843 1853 R.
1864 1822 2077 1853 Boraeanus.

417 1907 586 1939 2.Aculei
624 1908 806 1940 turionuni
845 1909 1090 1950 subaequales.
1132 1910 1340 1952 plerumque
1381 1910 1546 1941 aculeolis
1588 1913 1621 1941 et
1663 1910 1747 1941 setis

464 1961 706 2001 glanduliferis
733 1962 847 1993 mixti.

465 2052 495 2072 (ι.
517 2041 712 2073 Glandulae
740 2042 924 2084 stipitatae
951 2043 1196 2084 subaequales,
1225 2044 1354 2075 aculeis
1382 2044 1494 2075 multo
1522 2044 1711 2076 breviores.

129 2109 261 2141 Foliola
287 2110 551 2152 subaequaliter
577 2112 712 2144 minute
739 2116 873 2145 serrata
911 2139 1748 2147 ...................
1803 2117 1843 2148 R.
1862 2116 2033 2148 obscurus.

463 2192 493 2231 ρ’.
516 2192 617 2223 Setae
643 2193 896 2233 glanduliferae
923 2197 957 2225 et
983 2195 1172 2236 glandulae
1198 2196 1383 2237 stipitatac
1410 2196 1615 2237 inaequales
1642 2197 1816 2239 copiosae.

132 2260 234 2291 Setae
260 2261 362 2292 valde
389 2262 602 2303 inaequale&
631 2264 782 2304 majores
809 2265 938 2296 aculeis
965 2266 1094 2297 similes
1143 2293 1750 2299 ..............
1804 2269 1845 2299 R.
1863 2268 2057 2309 fusco-aler.

133 2313 233 2344 Setae
260 2314 304 2345 ab
332 2315 459 2346 aculeis
487 2316 674 2348 distinctae
729 2343 1748 2352 .......................
1802 2322 2015 2353 R..tle11kei.

820 2397 1748 2406 .....................
1802 2375 1843 2407 R.
1861 2375 2120 2416 Iiypomalacus.

266 2491 624 2532 Conjecturae
687 2495 740 2525 de
800 2496 1008 2537 origine
1072 2498 1444 2539 hybridogenss
1509 2500 1890 2532 nonnullorum
1946 2500 2210 2532 Ruborum

130 2543 363 2575 Vestitis
399 2546 664 2578 similium.

268 2641 386 2673 Rubns
403 2643 550 2674 adscitus
575 2647 609 2675 et
628 2645 830 2679 Rvestitus.
857 2646 960 2677 simili
985 2648 1090 2678 modo
1116 2658 1155 2679 ac
1178 2648 1269 2679 Rubi
1291 2649 1470 2683 Szzberecti.
1496 2659 1635 2691 gregem
1661 2651 1863 2683 naturalem
1888 2651 1976 2682 bene
2002 2651 2211 2683 distinctam

132 2695 365 2725 constituunt.
409 2696 648 2737 Reperiuntur
669 2708 752 2729 vero
775 2699 906 2740 species
929 2701 1126 2741 complures
1148 2702 1326 2733 nonnullis
1349 2703 1613 2735 characteribus
1636 2704 1681 2735 ad
1709 2704 1862 2740 Veslilos,
1887 2705 1963 2736 aliis
1986 2705 2031 2736 ad
2054 2705 2211 2736 diversos

134 2746 245 2777 Rubos
272 2752 465 2788 vergentes.
523 2750 712 2789 Quaeritur
740 2761 829 2783 anne
856 2752 944 2783 tales
970 2754 1101 2795 species
1130 2755 1350 2796 ambigentes
1377 2756 1519 2797 originis
1553 2757 1817 2799 hybridogenae
1847 2758 1929 2794 sint,
1958 2758 2146 2800 praecipue
2175 2758 2209 2789 in

133 2808 218 2829 aevo
236 2800 414 2832 ‹liluviano
431 2803 485 2832 vel
503 2803 682 2843 pliocaeno
701 2807 810 2835 ortae.
848 2805 917 2836 Illis
934 2807 1154 2847 temporibus
1171 2808 1330 2840 nondum
1347 2810 1478 2851 species
1495 2810 1596 2841 nobis
1613 2811 1775 2852 cognitae
1792 2811 1982 2843 hodiernae
1999 2812 2208 2847 floruerunt,

134 2851 191 2881 scd
220 2852 350 2883 formae
378 2857 515 2887 atax-ae.
546 2865 696 2896 quarum
723 2858 836 2899 proles
864 2861 1006 2890 mutata
1032 2862 1064 2890 et
1093 2861 1245 2901 genuina
1272 2864 1305 2892 ct
1334 2862 1579 2904 hybridogena
1605 2874 1698 2895 nunc
1727 2864 1909 2906 Europam
1936 2865 2069 2896 incolit.

273 2951 485 2989 species-
516 2955 561 2982 et
594 2955 927 2995 prospccieS,
961 2966 1174 2996 quarum
1206 2959 1352 2999 origo
1384 2960 1756 3002 liybridogena
1787 2972 1803 2993 e
1835 2962 2001 2994 Rubis
2031 2962 2210 2994 Vesti-

138 3000 203 3029 tis
241 3004 507 3043 suspicari
546 3008 736 3045 potest.
