2310 3392
163 346 200 369 ,·‚·›
2140 329 2237 365 (2713)

298 441 433 482 Species
458 439 511 470 vel
545 438 697 469 varietas
729 436 931 478 imperfecte
963 434 1115 476 cognita.
1165 434 1354 465 Occurrere
1379 432 1550 463 videntur
1579 432 1715 463 formae
1741 432 1882 467 similes,
1909 432 1969 463 sed
1994 431 2087 463 inter
2111 442 2145 463 se
2171 441 2240 463 non

158 497 280 526 exacte
309 495 549 533 congruentes.
579 500 699 523 omnes
726 500 808 521 vero
841 489 953 520 minus
981 489 1086 519 dense
1114 487 1258 518 villosae
1286 489 1318 518 et
1349 486 1526 528 copiosius
1553 486 1787 527 glandulosae
1816 495 1924 527 quam
1954 486 1995 517 R.
2013 485 2239 517 brasiliensis.

163 548 321 579 Incolunt
350 545 534 577 Brasiliam
560 544 818 576 occidentalem
844 545 875 573 ct
905 545 1014 573 terras
1039 541 1254 582 adjacentes.

295 600 435 631 lleimat
463 599 521 629 des
551 598 734 639 typischen
761 596 802 627 R.
820 595 1034 636 oryanensi's:
1065 595 1102 626 In
1128 595 1188 625 der
1215 594 1314 625 Serra
1341 593 1403 624 dos
1427 592 1562 634 Orgaos
1586 592 1621 624 in
1645 592 1830 624 Brasilien.

295 680 371 710 302.
401 681 440 711 R.
457 679 697 711 adenomallus
722 687 754 707 n.
773 686 823 718 sp.

296 742 336 772 R.
353 740 562 782 suliyinosus
592 739 714 771 Sodiro
740 749 810 769 exs.
829 738 972 778 (nomen
998 737 1058 768 vix
1085 739 1221 779 aptum,
1249 736 1332 778 quia
1357 736 1466 777 fuligo
1493 736 1660 767 aterrima
1687 736 1767 775 est).

294 794 398 825 Rami
430 793 598 833 angulati.
626 792 850 833 inconspicue
876 790 1342 832 tomentoso-pubescentes,
1376 789 1552 831 glandulis
1582 789 1739 821 breviter
1763 791 1796 820 et
1830 789 2036 821 brevissime
2068 789 2241 831 stipitatis

159 847 325 880 confertis
350 846 553 878 densissime
577 845 709 879 vestiti.
736 845 864 876 aculeis
889 844 1046 886 parvulis
1070 844 1124 875 vel
1152 843 1385 874 mediocribus
1410 843 1453 874 ad
1479 843 1626 884 angulos
1651 843 1831 884 dispositis
1855 842 1996 874 falcatis
2020 843 2160 875 armati.

296 900 393 931 Folia
418 908 595 931 ramorum
620 902 777 933 ternata;
803 898 954 939 stipulae
978 898 1119 931 liberae.
1145 897 1344 932 filisormes;
1370 896 1493 939 petioli
1516 896 1622 937 longi,
1649 896 1854 928 densissime
1878 896 2088 938 glandulosi,
2114 897 2243 929 aculeis

158 954 284 986 validis
302 953 439 985 falcatis
457 953 584 984 crebris
602 952 782 987 instructi;
802 951 920 982 foliola
939 961 955 982 e
974 951 1049 982 basi
1067 950 1287 992 emarginata
1305 950 1865 991 oblongo-lanceolata,utrinque
1883 950 1954 982 sere
1976 950 2243 982 12215-costu-

158 1008 241 1043 lata,
264 1007 446 1041 serrulata,
469 1016 573 1048 supra
594 1015 756 1047 appresse
775 1004 1237 1046 tomentoso—pubescentia,
1261 1004 1387 1035 subtus
1411 1004 1561 1035 molliter
1581 1002 1928 1035 villoso-tomentosa
1949 1004 2005 1035 vel
2026 1004 2075 1046 (in
2096 1005 2187 1045 var.)
2208 1004 2243 1036 in

158 1060 274 1092 nervis
299 1060 506 1101 glandulosa
532 1062 565 1090 et
591 1059 727 1090 villosa.

252 1113 537 1144 Inflorescentiae
575 1113 758 1153 elongatae
793 1111 997 1153 spectabilis
1030 1111 1174 1142 strictae
1208 1113 1349 1152 praeter
1381 1111 1533 1142 fundum
1567 1111 1732 1152 apliyllae
1766 1111 1909 1142 inermis
1942 1111 1997 1143 vel
2031 1111 2243 1143 subinermis

159 1167 284 1198 ramuli
307 1166 419 1198 infimi
443 1166 683 1201 ascendentes,
710 1165 908 1196 intermedii
932 1167 1107 1206 patentes,
1134 1164 1329 1206 pauciflori‚
1355 1164 1564 1206 pedunculis
1587 1164 1848 1206 approximatis
1866 1165 1921 1196 vel
1945 1165 2242 1202 subfasciculatis,

159 1220 311 1261 supremi
328 1229 430 1261 saepe
446 1219 598 1256 uniflori,
616 1228 737 1250 omnes
753 1219 924 1250 fructiferi
941 1227 1020 1249 cum
1037 1218 1214 1260 pedicellis
1230 1218 1396 1259 elongati,
1415 1218 1620 1250 densissime
1635 1218 1846 1259 glandulosi.
1873 1219 2046 1250 Bracteae
2063 1219 2244 1250 inferiores

160 1273 310 1309 trifidae,
337 1273 531 1314 superiores
556 1272 923 1304 lineari-lanceolatae.
973 1272 1091 1303 Flores
1120 1271 1309 1303 mediocres
1340 1272 1396 1303 vel
1424 1272 1626 1313 majusculi;
1660 1272 1790 1314 cupula
1822 1282 1926 1314 saepe
1958 1282 2038 1304 cum
2065 1273 2244 1314 pedicellis

159 1327 263 1357 dense
290 1326 513 1367 glandulosa;
541 1326 659 1367 sepala
686 1325 1032 1366 triangulari-ovata,
1060 1328 1205 1356 externe
1232 1335 1397 1367 appresse
1424 1328 1638 1362 tomentosa,
1667 1325 1844 1367 glandulis
1871 1326 2119 1358 subsessilibus
2145 1328 2242 1366 (non,

159 1380 245 1410 sicut
266 1379 299 1410 in
319 1379 459 1420 cupula,
479 1379 666 1421 stipitatis)
679 1381 869 1420 punctataz
890 1378 1008 1420 petala
1027 1378 1097 1410 late
1117 1379 1273 1410 ohovata
1293 1379 1420 1420 sepalis
1438 1379 1607 1420 longiora.
1638 1379 1790 1411 Fructus
1812 1379 1939 1421 magni,
1958 1390 1974 1411 e
1994 1380 2155 1422 carpellis
2173 1380 2244 1412 fere

160 1432 294 1464 20—50
313 1442 374 1474 pro
398 1441 488 1463 more
507 1432 642 1473 generis
671 1432 804 1473 magnis
830 1432 1035 1463 divaricatis
1061 1432 1266 1473 compositi;
1294 1433 1446 1474 carpella
1466 1433 1589 1475 pilosa,
1612 1433 1755 1464 demum
1774 1433 2045 1474 glabrescentia,
2067 1433 2112 1465 ad
2131 1434 2150 1465 5
2174 1443 2243 1465 mm

157 1486 272 1526 longa,
301 1488 437 1517 matura
462 1496 531 1517 non
555 1486 715 1527 pnlposa,
740 1485 937 1517 verosimile
961 1485 1171 1527 segregatim
1196 1486 1408 1517 sec-edentia.

293 1538 426 1570 Foliola
445 1539 587 1580 plantae
605 1539 817 1570 Boliviensis
835 1548 853 1570 a
870 1539 1064 1570 Mandonio
1082 1539 1194 1570 lectae
1213 1539 1246 1571 in
1266 1540 1394 1581 pagina
1413 1540 1575 1572 inferiore
1597 1541 1707 1572 multo
1727 1540 1867 1582 parcius
1885 1541 1996 1582 pilosa
2015 1543 2109 1577 sunt,
2134 1550 2242 1582 quam

157 1592 213 1622 illa
240 1592 471 1633 speciminum
501 1603 543 1623 ex
570 1592 735 1624 Ecuador
765 1592 965 1624 allatorum.
1024 1593 1101 1624 Hae
1132 1593 1158 1623 si
1193 1593 1312 1635 stirpis
1345 1596 1473 1635 typum
1500 1594 1621 1625 sistere
1647 1596 1846 1631 censentur,
1880 1594 2005 1636 planta
2030 1594 2243 1626 Boliviensis

156 1645 340 1676 varietatis
365 1645 469 1676 titulo
495 1646 643 1677 discerni
668 1648 803 1687 potest:
838 1655 912 1677 var.
942 1645 1176 1686 larecajanus:
1208 1646 1328 1678 foliola
1360 1647 1393 1678 in
1420 1648 1537 1679 nervis
1562 1648 1772 1690 prominulis
1804 1648 2013 1689 glandulosa
2046 1651 2079 1679 et
2105 1648 2240 1680 villosa.

293 1698 334 1729 R.
349 1698 582 1730 adenomallus
607 1699 732 1730 habitu
759 1699 1072 1731 R.ade110!1·ichum
1098 1702 1133 1731 et
1159 1700 1200 1732 R.
1219 1699 1424 1741 boyolfflsem
1450 1704 1606 1738 revocat,
1634 1711 1652 1733 a
1678 1701 1807 1743 quibus
1832 1711 1915 1733 vero
1940 1702 2117 1733 fructibus
2144 1702 2242 1733 siccis

156 1751 343 1793 discrepat.
394 1752 551 1793 Stipulae
576 1753 705 1784 liberae
730 1753 891 1794 plantam
917 1753 961 1784 ab
987 1753 1152 1784 omnibus
1177 1753 1347 1796 stirpibus
1373 1754 1544 1786 affinibus
1570 1755 1786 1796 distinguere
1811 1755 1991 1787 videntur.

292 1805 353 1836 Bei
370 1805 472 1836 Novo
489 1805 521 1836 in
539 1806 713 1837 Ecuador.
746 1806 868 1837 Sodiro
885 1816 957 1837 exs.
975 1806 1052 1837 408.
1083 1806 1148 1838 Die
1164 1807 1306 1838 kahlere
1322 1818 1396 1839 var.
1415 1808 1648 1850 lmecajcmus:
1666 1808 1701 1840 in
1718 1809 1778 1840 der
1793 1809 2073 1841 bolivianischen
2091 1809 2242 1841 Provinz

156 1857 324 1898 Larecaja
339 1858 393 1889 bei
412 1858 537 1890 Sorata
552 1859 586 1890 in
602 1859 621 1890 2
638 1859 842 1891 700—3000
860 1868 890 1890 m
906 1860 1008 1891 Hohe
1024 1860 1073 1899 (in
1092 1860 1301 1892 Gebtischen
1318 1871 1361 1893 an
1377 1862 1522 1893 Bachen
1538 1862 1592 1893 bei
1608 1862 1859 1905 Condurpata;
1881 1863 2055 1894 zwischen
2070 1863 2242 1905 Laripata

155 1911 227 1941 und
252 1911 330 1942 dem
354 1911 493 1943 kleinen
518 1913 630 1953 Berge
654 1912 854 1953 Pancuasi).
899 1913 1055 1944 Mandon
1079 1913 1155 1949 657,
1180 1914 1256 1946 658.

1005 2027 1134 2065 Sectio
1164 2027 1402 2066 Floribundi.

292 2117 320 2147 E
336 2116 442 2157 hujus
457 2117 620 2149 sectionis
635 2118 818 2160 speciebus
836 2119 876 2150 R.
897 2119 1143 2160 urticaesolius,
1163 2121 1202 2152 R.
1223 2121 1431 2155 boliviensis,
1451 2121 1491 2152 R.
1510 2121 1736 2162 jsmzaicensis
1757 2124 1789 2153 et
1812 2122 1851 2153 R.
1868 2122 2087 2163 serruqineus
2101 2131 2241 2164 gregem

158 2169 354 2200 naturalem
386 2170 620 2207 constituunt,
649 2172 709 2203 sed
736 2172 831 2203 haud
859 2173 945 2204 satis
973 2173 1139 2205 distincte
1167 2175 1211 2206 ab
1239 2175 1404 2206 omnibus
1431 2175 1507 2206 aliis
1534 2176 1706 2217 segregari
1734 2179 1894 2218 possunt.

294 2240 623 2282 Conspectus
662 2244 973 2284 specierum.

294 2302 333 2333 Α.
363 2302 505 2334 Hamuli
532 2304 724 2346 petiolique
750 2306 969 2346 eglandulosi
995 2308 1050 2338 vel
1076 2308 1225 2349 sparsim
1252 2309 1365 2340 solum
1391 2309 1628 2350 glanduliferi.
1678 2310 1799 2349 (Setae
1826 2310 1964 2342 flexiles
1990 2310 2240 2352 eglandulosae

361 2355 394 2386 in
422 2357 599 2388 nonnullis
625 2358 808 2399 speciebus
834 2360 1026 2401 copiosae.)

308 2418 332 2447 I.
364 2418 599 2450 Glabriusculi
616 2420 671 2450 vel
689 2421 914 2463 inconspicue
933 2423 1112 2464 puberuli;
1130 2424 1321 2465 pedunculi
1339 2434 1419 2456 cum
1437 2425 1618 2466 calycibus
1636 2428 1798 2457 tomento
1816 2435 1983 2468 appresso
2002 2429 2239 2458 canescentes.

159 2468 254 2499 Folia
283 2471 435 2502 caulium
465 2472 635 2503 sterilium
665 2474 830 2514 quinata;
861 2475 1061 2507 foliolorum
1091 2477 1248 2509 costulae
1277 2478 1445 2520 utrinque
1474 2478 1544 2510 fere
1578 2479 1709 2510 10—12
1748 2505 1753 2510 .
1807 2480 1848 2511 R.
1869 2480 2072 2521 imperialis.

159 2521 255 2552 Folia
279 2524 431 2555 caulium
456 2525 626 2556 sterilium
651 2529 807 2564 ternata;
834 2528 1032 2560 foliolorum
1057 2531 1213 2561 costulae
1238 2531 1404 2572 utrinque
1428 2532 1498 2563 fere
1522 2532 1656 2564 20—25
1701 2559 1706 2564 .
1748 2559 1752 2564 .
1806 2533 1848 2564 R.
1868 2533 2045 2565 Briareus.

161 2574 420 2607 Inflfflescentia
445 2581 606 2617 angusta.
624 2579 768 2621 Calyces
791 2581 1131 2614 sericeo-tomentosi
1149 2609 1750 2617 ..............
1804 2587 1846 2618 R.
1862 2586 2088 2628 quycmensis.

278 2637 322 2667 Il.
364 2639 505 2670 Ramuli
538 2641 797 2683 pedunculique
830 2643 934 2683 vulgo
966 2646 1301 2677 tomentoso—villosi
1333 2647 1387 2678 vel
1420 2648 1628 2683 tomentosi;
1661 2649 1792 2685 foliola,
1825 2649 2013 2691 praecipue
2045 2649 2079 2680 in
2111 2649 2239 2691 pagina

364 2691 535 2726 inferiore,
564 2703 666 2735 saepe
695 2695 798 2726 dense
826 2696 947 2737 pilosa.

366 2759 398 2791 3)
429 2754 543 2785 Flores
570 2757 723 2796 parvuli:
752 2758 908 2789 costulae
935 2759 1134 2791 t'oliolorum
1162 2762 1363 2803 saepissime
1390 2763 1558 2804 utrinque
1588 2764 1638 2795 15.

520 2808 783 2841 lnt'lorescentia
812 2811 929 2845 densa,
957 2812 1068 2844 fundo
1095 2813 1206 2845 solum
1234 2815 1394 2851 t'oliifera‚
1423 2817 1559 2858 apicem
1585 2827 1708 2849 versus
1735 2818 1937 2849 decrescens
1963 2818 2237 2860 (pyramidalis).

432 2878 457 2906 t.
487 2878 617 2909 foliola
642 2879 755 2913 firma.
782 2882 964 2917 serrulata,
991 2884 1116 2914 subtus
1140 2885 1510 2919 cinereo-tomentosa.

302 2945 421 2966 zum-s.
438 2940 531 2968 tusus
574 2966 1726 2982 ..........................
1781 2952 1822 2983 R.
1841 2951 2087 2993 urticaesolius.

533 3017 1728 3034 ...........................
1781 3005 1823 3036 R.
1841 3004 2049 3036 beliniensis.
