2310 3392
57 332 152 374 (377)
2068 339 2128 368 1515

194 433 234 464 Β.
254 432 387 473 Pagina
407 431 550 463 inferior
572 431 774 464 soliolorum
795 433 1108 467 albo-tomentosa,
1132 435 1191 465 sed
1226 437 1344 466 aetate
1378 436 1432 466 x'cl
1455 436 1519 467 sub
1554 436 1678 468 umbra

253 495 441 517 canescens
463 485 519 516 vel
541 484 670 516 virens.

56 539 270 571 Foliolorum
283 541 485 570 tomentum
498 538 630 573 album,
654 539 913 574 tenuissimum,
934 542 1051 571 aetate
1064 540 1289 575 rarefactum.
1310 541 1358 572 ita
1378 544 1415 572 ut
1429 542 1630 583 superficies

192 592 345 624 virescat
406 617 1648 626 ............................
1701 596 1741 626 R.
1760 595 2006 637 elliplicilolius

1738 649 1970 690 (porlueusis)

55 699 270 731 Foliolorum
297 700 458 730 tomento
484 697 545 739 pili
571 698 746 739 simplices
772 698 944 740 longiores
970 699 1100 740 copiosi
1127 699 1291 735 immixti,
1319 701 1521 741 superficies
1547 701 1652 741 igitur

192 754 311 784 aetate
333 751 389 783 vel
412 751 476 783 sub
500 751 626 782 umbra
650 761 838 783 canescens
860 752 916 783 vel
938 752 1070 789 viridis,
1099 753 1247 784 molliter
1270 754 1380 795 pilosa
1415 779 1648 785 ......
1702 755 1742 786 R.
1759 754 1982 796 hcdycarpus.

192 823 268 855 381.
295 825 336 855 R.
353 824 546 855 ulmifolius
573 822 698 854 Schott
722 822 756 854 in
783 823 845 854 Isis
871 823 956 854 1818
980 833 1012 864 p.
1030 822 1106 854 821.

191 885 330 927 Boulay
356 885 390 916 in
416 885 522 926 Bouy
547 886 582 916 et
608 884 703 916 Cam.
732 884 781 915 Fl.
801 885 855 915 Fr.
873 884 922 915 VI
940 895 972 926 p.
999 885 1058 919 31:
1088 885 1198 916 Sudre
1224 886 1316 917 Rul).
1336 886 1466 927 Europ.
1484 897 1517 927 p.
1536 886 1587 917 77.

190 939 246 970 Ad
265 947 373 980 quam
392 938 554 980 plantam
573 937 638 969 hoc
658 947 786 969 nomen
806 938 1048 969 adhibendum
1068 938 1123 973 sit,
1145 949 1214 970 non
1235 939 1422 980 descriptio
1442 940 1544 970 valde
1565 939 1781 980 imperfecta,
1802 940 1861 971 sed
1882 941 1976 971 locus
1997 942 2124 972 natalis

54 992 266 1034 (Gibraltar)
286 992 399 1023 docet.
433 991 622 1032 Distinguo
641 991 841 1033 subspccies
860 991 958 1027 duas,
978 1001 1068 1033 quae
1087 1001 1184 1023 areas
1201 992 1451 1033 geographicas
1470 993 1625 1023 diversas
1643 992 1811 1024 incolunt.
1846 993 2125 1034 Descriptionem

53 1046 133 1077 vide
157 1045 222 1077 sub
249 1045 416 1086 Subspec.
437 1044 478 1075 R.
496 1044 681 1075 rusticano.

191 1099 243 1130 De
262 1098 465 1130 nominibus
488 1098 638 1129 multum
659 1098 832 1139 disputari
852 1100 981 1139 potest,
1008 1098 1068 1129 sed
1087 1097 1251 1139 equidem
1271 1098 1440 1139 praetem,
1468 1099 1586 1130 onmia
1605 1099 1782 1140 ambigua,
1804 1099 1935 1130 incerta
1955 1102 1987 1130 et
2012 1100 2124 1131 minus

54 1153 180 1184 idonea
209 1152 391 1193 negligere.
435 1151 612 1183 Linnaeus
642 1151 675 1182 in
704 1152 851 1183 Amoen.
876 1151 974 1183 acad.
996 1151 1043 1182 IV
1066 1162 1098 1192 p.
1116 1151 1181 1183 >157
1204 1154 1343 1193 praeter
1372 1152 1413 1182 R.
1432 1152 1689 1188 „fruticosum⁴‘
1720 1152 1823 1183 aliam
1852 1152 2001 1193 speciem
2031 1152 2125 1183 indc-

53 1206 233 1248 seriptam,
258 1205 326 1242 „R
344 1205 513 1236 creticum
530 1204 722 1236 Tournes.“
741 1204 883 1241 scilicet,
902 1204 1142 1236 Palaestinam
1165 1205 1364 1236 inhabitare
1387 1205 1545 1236 asseruit.
1591 1205 1759 1236 Schreher
1782 1207 1903 1246 postea
1925 1215 2061 1236 ramum
2084 1216 2125 1237 ex

53 1259 166 1291 insula
191 1259 294 1291 Creta
318 1261 504 1300 acceptum
531 1258 571 1289 R.
589 1258 700 1289 sancti
723 1258 865 1289 nomine
882 1258 1064 1289 salutavit.
1106 1259 1159 1289 Ex
1176 1258 1319 1289 Kuntze
1338 1258 1455 1289 nevis.
1481 1267 1556 1299 gen.
1578 1258 1630 1289 ΙΙΙ
1656 1268 1746 1299 pars.
1763 1258 1794 1293 2,
1820 1268 1852 1299 p.
1870 1258 1912 1289 79
1932 1258 1988 1289 liic
2009 1268 2125 1289 ramus

53 1313 97 1344 ad
120 1312 392 1344 R.rusl1'c(111um
414 1312 579 1353 pertinet,
603 1312 698 1353 quod
720 1321 736 1343 e
760 1311 994 1352 descriptione
1019 1311 1159 1342 minime
1181 1312 1304 1342 elucet.
1352 1312 1469 1351 Quum
1491 1321 1572 1342 vcro
1603 1311 1772 1343 Schreber
1799 1311 1941 1352 plantae
1968 1311 2124 1347 „sancti”

52 1375 181 1398 nomen
211 1365 396 1402 tribuerat,
428 1365 510 1406 quia
539 1374 617 1396 eam
646 1365 680 1396 in
700 1365 903 1396 Palaestina
932 1375 1083 1396 crescere
1112 1375 1155 1396 ex
1184 1364 1330 1396 Linnaei
1359 1365 1553 1396 autoritate
1582 1364 1740 1401 credidit,
1771 1367 1957 1405 sequentes
1986 1367 2125 1395 autores

54 1419 190 1451 Rubum
218 1428 252 1450 re
278 1419 362 1450 vera
389 1418 424 1449 in
454 1418 554 1460 Syria
581 1418 798 1459 indigenum,
827 1418 861 1449 id
888 1420 939 1449 est
961 1418 1001 1449 R.
1021 1418 1238 1453 amilolicum,
1267 1418 1458 1459 genuinum
1482 1418 1522 1449 R.
1540 1420 1693 1449 sanclum
1721 1427 1792 1448 esse
1820 1417 2123 1449 existimaverunt.

53 1473 93 1505 O.
111 1473 255 1504 Kuntze
276 1474 397 1513 postea
422 1472 462 1503 R.
480 1471 685 1503 villicaulcm
707 1481 786 1503 cum
809 1472 850 1503 R.
868 1474 983 1503 sauclo
1002 1471 1200 1512 conjunxit,
1224 1471 1264 1502 R.
1284 1471 1489 1503 anatoliczzm
1507 1481 1588 1502 vcro
1606 1471 1812 1512 segregavit.
1848 1471 1885 1502 In
1902 1471 1965 1501 hac
1984 1480 2126 1502 uomen-

53 1526 189 1558 clatura
217 1525 335 1557 omnia
364 1527 587 1557 commutata
615 1527 649 1556 et
678 1525 824 1557 confusa
852 1527 945 1556 suut.

192 1596 514 1638 Subspeeies
550 1597 593 1627 R.
619 1596 882 1628 ulmifolii
920 1605 1172 1637 propono:

190 1659 230 1690 Α.
250 1659 292 1690 R.
310 1658 521 1690 rusticanus:
549 1659 683 1690 Foliola
707 1668 813 1700 supra
837 1658 970 1700 glabra,
996 1658 1110 1699 figura
1134 1657 1324 1689 variabilis.

191 1713 231 1743 B.
251 1712 292 1743 R.
311 1712 517 1743 ‹uictloliC1132
546 1712 678 1743 Foliola
696 1722 802 1754 supra
820 1712 1028 1743 indumento
1047 1711 1445 1742 stellulato-tomentoso
1463 1709 1607 1746 cinerea,
1631 1710 1814 1741 terminale
1830 1710 1900 1740 late
1916 1709 2122 1740 obovatum.

192 1766 243 1797 De
268 1765 389 1796 formis
415 1765 662 1802 „transitivis“
689 1765 732 1797 cf.
751 1766 795 1797 ad
821 1765 952 1797 calcem
978 1764 1233 1806 descriptionis.

190 1819 231 1850 Α.
250 1821 291 1851 R.
307 1820 506 1851 rusticanus
530 1819 634 1850 Merc.
652 1819 687 1850 in
712 1819 818 1850 Reut.
837 1819 913 1851 Cat.
931 1818 977 1860 pl.
998 1816 1139 1850 Geneve
1163 1818 1239 1849 279.
1288 1817 1417 1858 (1861.)

193 1873 234 1904 R.
252 1872 391 1903 creticus
415 1872 581 1904 Tournef.
608 1874 643 1904 et
667 1873 705 1903 L.
724 1872 781 1914 (ex
807 1872 894 1914 pte.)
921 1874 1011 1903 teste
1036 1872 1075 1903 O.
1094 1872 1247 1902 Kuntze.

193 1926 233 1957 R.
251 1928 388 1957 sauclus
416 1925 558 1957 Schreb.
585 1926 703 1967 quoad
729 1926 841 1967 plant.
869 1925 1023 1957 CretenS.
1051 1927 1139 1956 teste
1166 1925 1205 1956 O.
1224 1925 1377 1955 Kuntze.

193 1979 234 2010 R.
251 1978 434 2020 srulicosus
462 1979 532 2011 Sm.
551 1979 639 2010 Brit.
659 1979 708 2010 Fl.
727 1980 780 2011 ed.
801 1979 814 2010 Ι
839 1981 871 2010 et
902 1979 952 2015 ΙΙ;
979 1979 1127 2009 Kelaart
1152 1978 1202 2009 Fl.
1221 1978 1316 2018 Calp.
1338 1978 1416 2013 1023
1442 1977 1573 2008 Bertol.
1600 1976 1649 2007 Fl.
1672 1976 1748 2006 Ital.
1767 1975 1806 2006 V.
1824 1975 1900 2005 217.

193 2033 234 2064 R.
251 2031 434 2074 fruticosus
466 2042 540 2064 var.
558 2032 770 2064 dalmatinus
801 2033 916 2063 Tratt.
935 2032 1017 2063 Ros.
1036 2032 1129 2063 Mon.
1151 2031 1216 2065 ΙΙΙ,
1250 2031 1303 2062 33.

193 2086 235 2118 R.
252 2086 454 2117 (Ialmalicus
481 2086 554 2127 (cit.
572 2086 703 2127 Tratt.)
733 2086 834 2118 Guss.
854 2086 903 2116 Fl.
925 2085 990 2117 Sic.
1012 2085 1159 2126 Synops.
1192 2085 1203 2115 Ι
1231 2084 1295 2115 507
1323 2083 1451 2125 (prima
1477 2082 1664 2123 descriptio
1691 2081 1827 2121 lionat).

193 2139 234 2170 R.
254 2139 444 2180 ulmisolius
469 2140 594 2171 Schott
616 2140 636 2170 l.
655 2149 760 2181 supra
782 2150 828 2173 c.:
851 2139 989 2180 Boulay
1011 2139 1045 2169 in
1067 2139 1172 2179 Rouy
1193 2140 1225 2169 et
1250 2138 1345 2169 Cam.
1365 2137 1413 2168 Fl.
1432 2137 1486 2167 Fr.
1504 2136 1552 2167 vl
1576 2146 1607 2176 p.
1626 2136 1684 2169 31:
1707 2136 1845 2166 Bouvet
1868 2134 1901 2165 in
1927 2134 2023 2165 mult.
2047 2134 2122 2169 loc„

54 2203 82 2224 e.
99 2201 130 2234 g.
148 2193 183 2224 in
207 2193 298 2224 Bull.
316 2203 385 2224 soc.
404 2192 486 2224 d'et.
512 2193 646 2234 Angers
674 2193 758 2225 1907
783 2203 815 2234 p.
833 2192 875 2224 25
901 2192 1073 2232 (Extrait)
1104 2202 1111 2227 ;
1140 2191 1250 2222 Sudre
1275 2190 1367 2221 Rul).
1395 2190 1476 2221 liur.
1495 2200 1526 2230 p.
1545 2189 1597 2219 (59.

193 2246 234 2277 R.
253 2256 415 2278 amoenus
450 2246 668 2278 Portenschl.
693 2246 770 2283 hl).;
807 2246 927 2277 Petter
955 2245 1028 2276 bot.
1052 2245 1181 2286 XVegw.
1204 2244 1265 2275 108
1293 2254 1348 2274 no.
1373 2243 1436 2274 785
1472 2245 1613 2283 (nomen
1649 2240 1815 2280 nudum);
1850 2240 2054 2271 Willkomin
2088 2241 2121 2270 et

54 2300 174 2341 Lange
200 2300 321 2331 Prodr.
340 2300 390 2331 Fl.
408 2300 509 2341 Hisp.
531 2300 584 2331 III
611 2300 688 2331 220.

194 2353 234 2384 R.
252 2353 455 2395 hispanicus
483 2353 600 2385 Willk.
619 2353 653 2384 in
682 2354 763 2384 Bot.
782 2353 857 2393 Ztg.
878 2352 962 2383 1811
992 2362 1024 2393 p.
1042 2351 1107 2383 819
1136 2351 1278 2389 (nomen
1308 2352 1430 2391 postea
1459 2349 1492 2380 in
1522 2348 1641 2379 I‘rodr.
1660 2348 1709 2378 Fl.
1728 2347 1828 2388 Hisp.
1847 2346 2077 2382 derelictum).

193 2406 235 2438 R.
253 2406 396 2438 discolor
419 2407 498 2438 Wh.
516 2409 551 2438 et
577 2407 620 2438 N.
643 2406 737 2437 Ruh.
758 2406 874 2437 Germ.
892 2406 934 2436 4⁴5
966 2415 1009 2436 ex
1035 2407 1117 2445 pte,
1151 2404 1223 2435 tal).
1249 2403 1320 2434 XX
1346 2402 1463 2443 quoad
1489 2402 1546 2442 l'ig.
1565 2412 1592 2437 c,
1620 2401 1651 2435 d.
1678 2411 1711 2434 e:
1745 2400 1903 2431 Rclrbch.
1931 2399 1979 2429 Fl.
2008 2398 2122 2430 Germ.

54 2470 128 2491 exe.
145 2459 179 2491 II
199 2459 263 2491 603
283 2470 326 2491 ex
344 2462 434 2502 pte.;
456 2460 493 2491 P.
507 2460 667 2492 .J.Muell.
685 2460 720 2491 in
740 2459 884 2490 Pollich.
907 2458 992 2489 XVI
1006 2457 1123 2498 (1859)
1144 2467 1176 2498 p.
1194 2457 1237 2488 90
1259 2456 1409 2487 maxinui
1430 2465 1472 2486 ex
1493 2457 1580 2495 pte.;
1601 2454 1766 2492 Baliingt.
1788 2453 1875 2484 Brit.
1894 2452 1987 2483 Rubi
2010 2452 2072 2482 100
2091 2453 2121 2481 et

58 2513 197 2544 multor.
225 2513 321 2544 alior.
349 2516 527 2550 autorum,
555 2513 614 2545 sed
644 2513 786 2544 minime
811 2512 981 2543 omnium.
1032 2511 1114 2542 Exs.
1133 2520 1153 2542 a
1178 2510 1299 2541 Weilie
1325 2509 1501 2549 (omnial).
1532 2507 1659 2541 Sieber,
1688 2507 1806 2543 lailot,
1842 2506 1895 2536 Fr.
1917 2504 2058 2536 Schultz
2090 2506 2124 2534 et

55 2566 130 2598 aliis
158 2566 361 2598 distributa.

194 2620 235 2651 R.
254 2619 382 2661 bifrons
405 2620 478 2661 (cit.
502 2619 603 2661 Vest)
629 2619 794 2661 Sampaio
818 2618 911 2650 Bul).
930 2618 1073 2658 Portug.
1093 2627 1125 2658 p.
1143 2616 1185 2648 48
1207 2626 1235 2647 c.
1259 2626 1331 2647 var.
1350 2614 1561 2646 duriminius
1587 2613 1750 2654 Sampaio
1773 2612 1793 2643 l.
1811 2622 1838 2643 e.
1857 2611 1909 2642 49.

193 2673 343 2705 Formae
366 2673 559 2715 peculiares
584 2675 682 2704 suut:

195 2726 236 2758 R.
255 2726 419 2768 abruptus
447 2726 561 2758 Lindl.
583 2727 666 2768 Syn.
685 2726 773 2757 Brit.
793 2725 842 2756 1⁵1.
860 2725 913 2756 ed.
946 2724 958 2755 1
987 2724 1030 2755 92
1058 2723 1186 2763 (1829).

194 2780 236 2812 R.
254 2780 473 2821 Francipani
490 2780 599 2811 Tineo
624 2780 658 2810 in
685 2778 785 2811 Guss.
803 2778 925 2819 Suppl.
948 2777 1008 2808 157
1035 2776 1164 2817 (1834).
1214 2776 1267 2806 An
1297 2775 1336 2806 R.
1354 2777 1490 2805 sam-lus
1519 2772 1688 2804 Scin-clm

195 2833 482 2865 R Cal<1esia1ms
507 2833 623 2864 Focke
649 2833 684 2864 in
712 2833 828 2863 Nuov.
850 2831 968 2863 Giorn.
986 2830 1067 2861 Bot.
1088 2829 1166 2860 Ital.
1185 2828 1270 2860 XYI
1305 2828 1366 2859 lea
1395 2826 1522 2866 (1881).
1582 2827 1764 2857 Praeterea
1796 2824 1838 2855 rl'.
1862 2824 1957 2854 lusus
1987 2825 2019 2853 ct
2052 2831 2125 2852 var.

57 2886 196 2917 teratol.

194 2940 222 2970 E
259 2939 455 2971 Genevierii
481 2937 869 2981 Monogr.Rub.Loire
902 2937 954 2968 ed.
976 2936 1009 2967 11
1043 2935 1160 2976 (1880)
1194 2934 1387 2965 secundum
1420 2935 1560 2964 autores
1596 2931 1745 2963 Gallicos
1779 2930 1821 2961 ad
1858 2930 1898 2961 R.
1916 2928 2126 2960 rusticanum

57 2992 252 3033 pertinent:

55 3069 199 3087 Bibliotheca
214 3069 330 3087 botaniea.
355 3069 409 3087 aeft
424 3069 458 3087 ss.
2025 3048 2058 3072 ⁴20
