2310 3392
874 983 1216 1053 Rubus

137 1169 268 1196 Tournef.
290 1172 350 1196 385.
383 1172 410 1197 L.
433 1172 501 1198 Gen.
521 1173 556 1207 pl.
581 1174 600 1203 Iv
622 1183 647 1208 p.
666 1177 716 1201 864
737 1178 765 1202 et
785 1178 851 1203 edit.
872 1180 1002 1213 sequent.
1023 1188 1129 1206 omncs.

134 1227 334 1255 lncluduntur:
363 1228 515 1256 Delibat-da
541 1232 569 1257 L.
584 1233 683 1266 (prius)
705 1236 733 1260 et
757 1237 847 1261 autor.
880 1237 1016 1270 nonnull.‚
1045 1239 1222 1274 Comaropsis
1249 1244 1340 1268 autor.
1365 1251 1400 1269 ex
1429 1246 1496 1278 pte,
1532 1245 1651 1278 Cylaceis
1676 1247 1781 1279 Rasin„
1813 1249 1936 1275 Bubacen·
1964 1251 2069 1284 mut„

15 1270 157 1298 Oreobatus
178 1273 272 1306 Rydb.

142 1353 284 1386 Plantae
311 1355 531 1388 Rosaceamm
558 1358 696 1395 ordinis,
726 1363 1009 1403 sempervirentes
1036 1365 1090 1397 vel
1119 1366 1338 1403 frondifluae;
1368 1369 1534 1410 plurimae
1564 1371 1797 1410 frutescentes,
1827 1380 2069 1412 sal‘lllelllsffiafi‘,

15 1406 221 1445 scandentes,
244 1409 430 1446 aculeatae,
451 1409 624 1442 interdum
646 1417 767 1445 trunco
788 1414 917 1457 lignoso
939 1417 1053 1456 (unica
1074 1420 1200 1460 species
1221 1421 1361 1454 arborea
1383 1422 1615 1463 describitur);
1638 1426 1722 1458 aliae
1743 1431 1885 1465 erectae,
1908 1428 2070 1462 dumosae

14 1461 45 1489 et
61 1459 149 1492 haud
166 1471 240 1492 raro
258 1461 417 1499 inermes;
436 1463 521 1496 aliae
538 1465 778 1501 suffrulieosae
792 1469 843 1501 vel
859 1470 1055 1509 herbaceae,
1074 1484 1173 1515 saepe
1187 1479 1390 1515 prostratae.
1426 1477 1519 1509 Folia
1535 1478 1677 1515 alterna,
1698 1480 1873 1521 petiolala,
1892 1482 2067 1523 stipulata,

13 1516 69 1544 aut
91 1512 254 1555 simplicia
276 1519 309 1547 et
331 1526 431 1558 saepe
452 1518 752 1559 palmato-Iobata,
775 1527 835 1555 aut
857 1523 952 1555 vario
975 1526 1075 1557 modo
1098 1526 1256 1568 pinnato-
1279 1529 1331 1560 vel
1353 1529 1724 1573 palmato-composita.
1770 1533 1923 1575 Stipulae
1945 1535 2068 1568 liberae

11 1566 61 1598 vel
80 1566 193 1608 petioli
214 1568 319 1600 fundo
339 1570 497 1603 adnatae.
541 1573 655 1605 Flores
673 1574 846 1607 interdum
866 1577 1085 1617 suhsohtarii,
1105 1580 1239 1622 saepius
1257 1581 1291 1613 in
1309 1582 1579 1617 inflorescentias
1598 1585 1719 1618 densas
1738 1587 1790 1618 vel
1809 1588 1935 1621 effusus
1955 1590 2068 1621 multi-

14 1619 109 1652 floras
134 1620 299 1663 dispositi.

138 1684 250 1716 Flores
265 1685 466 1724 bisexualeS,
484 1688 591 1720 rarius
608 1689 965 1731 dioieo-uuisexuales;
984 1697 1097 1737 sepala
1115 1701 1147 1728 et
1164 1698 1278 1739 petala
1294 1699 1324 1735 5,
1341 1699 1449 1731 rarius
1464 1699 1560 1732 6—8.
1600 1702 1706 1743 Calyx
1724 1714 1739 1734 e
1755 1704 1879 1744 cupula
1896 1709 1928 1735 ct
1946 1705 2065 1746 sepalis

12 1745 81 1767 earn
109 1738 352 1770 eoronantibus
379 1741 605 1782 oo1npositu53
635 1745 759 1785 cupula
787 1745 959 1779 interdum
988 1749 1111 1787 brevis,
1140 1751 1242 1792 plana
1272 1756 1304 1783 et
1332 1757 1457 1789 rotata,
1487 1754 1621 1796 saepius
1650 1756 1986 1797 hypocrateril'ormis
2013 1760 2066 1790 vel

10 1789 224 1829 pelvisormis,
246 1791 280 1823 in
302 1793 419 1825 multis
441 1795 617 1836 speciebus
638 1800 881 1840 campanulata
904 1802 956 1833 vel
981 1802 1168 1841 turbinata,
1191 1809 1330 1837 externe
1362 1806 1535 1838 interdum
1559 1808 1912 1842 echiuato-aciculata.
1945 1812 2066 1853 Sepala

10 1842 199 1882 uniseriata‚
220 1845 311 1877 haud
332 1857 406 1878 raro
426 1847 630 1890 inaequalia,
652 1852 800 1884 externis
820 1853 954 1887 duobus
974 1860 1006 1887 et
1027 1857 1167 1889 dimidio
1187 1858 1391 1900 stipularum
1412 1871 1504 1891 more
1523 1860 1636 1892 incisis
1655 1863 1706 1893 vel
1730 1862 1921 1901 fimbriatis⁷
1943 1865 2067 1906 saepis-

9 1894 87 1928 sime
109 1897 340 1940 subaequalia.
365 1901 593 1934 aestivatioue
616 1904 758 1936 valvari.
806 1908 924 1940 Petala
948 1920 1024 1940 cum
1049 1910 1172 1952 sepalis
1194 1912 1401 1945 alternantia
1425 1914 1569 1955 cupulae
1592 1916 1735 1957 margini
1759 1916 1897 1954 inserta,
1922 1918 2063 1951 decidua

9 1950 59 1981 vel
77 1950 183 1982 rarius
201 1954 456 1991 marcescentia,
477 1966 576 1997 saepe
595 1959 789 1999 conspicua,
810 1960 843 1992 in
864 1963 1034 1995 nonnullis
1052 1964 1229 2005 speciebus
1247 1977 1328 1998 vero
1348 1966 1481 2000 minuta
1500 1968 1553 1999 vel
1573 1969 1675 2001 nulla.
1702 1970 1857 2003 Stamina
1874 1982 2065 2009 numerosa⁷

9 2004 147 2045 cupulae
168 2006 311 2047 margini
333 2007 471 2045 inserta,
495 2009 586 2042 disco
610 2022 628 2043 a
650 2013 805 2054 carpellis
826 2015 984 2053 discreta,
1007 2016 1041 2048 in
1063 2018 1245 2050 alabastris
1266 2019 1418 2057 incurva,
1441 2020 1474 2052 in
1497 2022 1631 2053 anthesi
1654 2027 1764 2055 erecta
1788 2024 1840 2055 vel
1863 2024 2063 2057 divaricata.

9 2056 156 2099 Carpella
176 2058 209 2090 in
230 2062 442 2102 carpophoro
463 2072 563 2104 saepe
585 2066 776 2107 spongioso,
799 2080 815 2099 e
837 2068 942 2100 fundo
963 2071 1107 2111 cupulae
1129 2078 1322 2114 emergente
1343 2073 1482 2111 inserta,
1503 2074 1675 2107 interdum
1699 2076 1848 2118 quinque
1869 2078 1921 2108 vcl
1943 2089 2063 2119 pauca

7 2110 104 2152 vulgo
125 2123 303 2147 numerosa
321 2114 506 2153 (interdum
526 2117 567 2149 ad
592 2118 699 2157 1000),
722 2131 740 2152 a
753 2120 858 2153 latere
879 2133 1083 2164 compressa,
1105 2125 1205 2157 dorso
1227 2131 1378 2163 arcuata,
1401 2127 1434 2159 in
1456 2128 1610 2169 plurimis
1631 2130 1807 2171 speciebus
1827 2130 1860 2162 in
1882 2131 2063 2173 drupcolas

7 2173 157 2197 succosas
178 2165 266 2199 inter
288 2178 321 2199 se
343 2169 563 2202 cohaerentes
585 2172 764 2210 al)euntia;
788 2175 898 2215 stylus
913 2176 945 2207 in
962 2178 1112 2219 margine
1126 2178 1260 2211 interno
1276 2180 1475 2217 terminalis,
1491 2181 1651 2223 stigmate
1666 2184 1867 2216 subc-lavato
1883 2185 1935 2216 vel
1955 2185 2060 2217 bifido

7 2216 59 2248 vel
82 2228 199 2259 parum
221 2221 403 2262 conspicuo
425 2228 618 2256 coronatus.
670 2227 781 2260 Ovula
808 2228 886 2266 duo,
916 2241 1060 2271 quorum
1087 2243 1194 2264 unum
1221 2233 1428 2265 abortivum.

134 2281 220 2314 Rubi
244 2283 396 2325 regiones
423 2291 606 2320 montanas
632 2292 665 2320 et
692 2289 867 2324 silvatioas
892 2292 999 2325 totius
1027 2294 1094 2325 fere
1120 2295 1210 2336 globi
1237 2295 1435 2327 habitabilis
1461 2296 1630 2334 incolunt3
1658 2298 1748 2332 intra
1776 2300 1923 2341 tropiws
1950 2301 2060 2342 pauci,

7 2331 39 2364 in
54 2333 158 2376 plagis
173 2338 374 2378 temperatis
390 2349 468 2371 vero
486 2340 584 2372 multi
601 2341 634 2373 in
651 2343 810 2384 planities
826 2349 859 2377 et
876 2356 983 2388 usque
999 2347 1040 2379 ad
1057 2347 1175 2381 littora
1191 2348 1293 2381 maris
1309 2349 1531 2381 descendunt.
1570 2352 1691 2384 Terras
1707 2353 1819 2385 aridas
1836 2365 1900 2385 nou
1918 2353 2059 2386 intrant.

860 2606 1205 2667 Subgenera

68 2742 106 2773 A.
132 2744 250 2777 Caules
275 2747 413 2780 floriferi
438 2750 553 2787 annui,
579 2762 595 2782 e
619 2752 807 2785 rhizomate
831 2754 885 2785 vel
910 2765 925 2785 e
949 2755 1061 2787 radice
1085 2761 1224 2797 repente
1249 2757 1324 2788 orti.

6 2801 138 2836 Dioicus
159 2831 1701 2851 ....................................
1755 2822 2019 2855 Chamaenwrus.

6 2854 114 2889 Flores
138 2859 406 2904 hermaphroditi
425 2891 1700 2905 ..............................
1754 2875 1906 2918 Cylactis.

131 2922 252 2955 Confer
273 2925 391 2958 seriem
415 2926 606 2968 ‚‚Pacifici“
629 2940 644 2961 e
666 2931 852 2973 subgenere
878 2932 1113 2966 Malachobato.
