2310 3392
175 338 233 366 144
2152 322 2249 366 (368)

171 436 369 468 wrbrcilcl.
398 435 591 465 iiortlxx‘iirts
618 433 669 464 bis
696 443 736 463 zu
764 432 829 463 den
855 430 1064 472 Ix'arpatlien
1093 429 1164 460 und
1191 428 1257 459 den
1285 427 1479 459 deutschen
1503 426 1800 468 Mittelgebirgen,
1829 425 1927 456 nicht
1954 425 2041 456 iiber
2068 425 2123 457 die
2149 426 2249 458 Linie

172 487 603 520 1(111111111-Ι)105(11’11-Ι<0111
622 484 902 526 hinausgeliend;
921 484 955 515 in
974 482 1187 514 Frankreich
1204 482 1251 512 im
1269 481 1438 512 Zentrum
1456 480 1528 512 und
1546 480 1592 511 im
1615 479 1743 515 sudem,
1769 479 1853 510 aber
1869 478 1904 509 in
1922 478 1990 510 den
2007 479 2247 511 atlantischen

171 541 487 581 lx'iistengcgcndcn
507 539 743 570 aiisclicincnd
762 538 873 578 wenig
890 536 1099 570 verbrcilct:
1119 536 1153 567 in
1175 534 1329 577 Spanien
1348 543 1415 565 nur
1433 544 1496 565 aus
1514 533 1724 565 Catalonien
1742 532 1914 568 bekannt,
1936 532 2027 564 doch
2045 533 2136 564 wohl
2155 534 2247 565 auch

168 597 261 626 Ι501151
285 593 549 625 wrkonnncml,
577 612 607 614 ᾈ
632 592 695 623 Die
716 592 939 632 Nordgrenze
959 590 1019 621 der
1038 589 1274 630 Verbreitung
1292 588 1371 619 sallt
1390 587 1543 619 vielfach
1566 587 1627 618 mit
1647 587 1708 618 der
1727 586 1954 627 Nordgrenze
1974 586 2034 617 des
2052 586 2247 619 Weinbaus

168 657 380 680 zusammen.
403 646 617 677 namcntlicli
638 645 671 676 in
692 643 936 676 Deutscliland
956 643 1029 674 und
1049 641 1275 674 Frankreich.
1303 661 1335 664 —
1360 641 1463 673 Fehlt
1483 641 1518 672 in
1538 640 1720 682 England3
1741 639 1833 672 auch
1853 649 1916 671 aus
1937 639 2107 682 Portugal
2126 640 2171 672 ist
2192 641 2247 672 die

167 701 266 731 echte
290 701 351 731 Art
380 699 475 731 nicht
501 699 670 730 bekannt.

302 780 510 810 Formae
550 777 809 819 hybridae
836 777 878 808 R.
907 775 1212 808 tomentosi.

300 850 510 891 Ubicunque
526 850 565 881 R.
580 851 782 880 tomentosus
804 857 883 880 (um
905 848 980 880 aliis
995 847 1104 880 Rubis
1122 846 1318 889 promiscue
1340 846 1475 881 crescit.
1498 846 1633 878 formae
1654 845 1830 887 hybridae
1854 845 2088 877 multiformes
2110 846 2245 878 steriles

167 905 219 936 vcl
244 904 382 945 saepius
407 903 610 945 imperfecte
635 902 766 933 fertiles
791 904 992 933 occurrunt.
1042 900 1185 932 Petiolis
1210 900 1367 932 obsolete
1393 900 1540 931 sulcatis
1563 899 1671 941 vulgo
1697 899 2068 936 micinam-aculeatis,
2096 900 2246 942 paginae

165 957 350 999 superioris
373 956 571 988 foliolorum
595 956 672 998 pilis
694 955 893 992 stellulatis,
917 955 1044 987 foliolis
1067 964 1170 996 saepe
1193 954 1310 985 incisis
1332 956 1367 985 et
1390 953 1631 990 subcuneatiS‚
1676 953 1940 985 inflorescentia
1964 953 2155 985 densiflora
2178 956 2244 986 etc.

164 1012 432 1052 cognoscuntur.

302 1064 340 1094 In
361 1063 545 1095 exsiccatis
565 1073 668 1104 saepe
689 1072 758 1093 non
780 1062 947 1103 distingui
970 1064 1098 1103 potest,
1122 1070 1206 1093 num
1230 1060 1350 1093 Rubus
1371 1060 1518 1102 quidam
1539 1060 1714 1102 hybridus
1733 1070 1750 1092 e
1772 1060 1815 1091 R.
1833 1062 2016 1092 lomenloso
2036 1062 2071 1092 et
2094 1061 2135 1093 R.
2153 1061 2246 1103 thyr-

163 1117 273 1148 soideo
296 1117 350 1148 vel
373 1116 514 1157 bifronte
535 1116 589 1147 vel
612 1116 802 1157 herlycarpo
829 1116 883 1147 vel
906 1115 1078 1147 rusticano
1101 1117 1199 1146 ortus
1222 1115 1278 1146 sit.
1322 1114 1482 1146 Frutices
1510 1114 1584 1145 vivi
1613 1114 1702 1146 bene
1731 1114 1928 1146 examinati
1951 1116 1986 1145 et
2009 1123 2090 1146 eum
2112 1115 2245 1156 plantis

164 1170 286 1201 vicinis
312 1170 507 1211 comparati
537 1170 649 1200 minus
676 1169 773 1200 dubii
799 1179 872 1200 csse
898 1169 1023 1200 solent.

302 1249 318 1282 ?
334 1251 373 1281 R.
390 1251 541 1282 sulcatus
562 1258 584 1281 Χ
607 1250 837 1281 tomentosus:
856 1249 897 1280 R.
917 1248 1221 1290 Suuzenberycnsis
1238 1249 1279 1280 R.
1298 1248 1418 1280 Keller
1433 1248 1467 1279 in
1484 1248 1576 1280 Bull.
1595 1248 1666 1280 Hb.
1685 1248 1797 1280 Boiss.
1819 1248 1865 1280 IV
1882 1248 1917 1287 (2
1932 1248 2013 1289 ser.)
2029 1248 2096 1281 333
2112 1249 2242 1291 (1904).

299 1331 339 1362 R.
355 1330 565 1368 thyrsoideus
587 1338 609 1361 J<
632 1330 859 1368 tomentosus,
875 1329 1000 1361 habitu
1020 1329 1060 1361 R.
1079 1329 1269 1371 [hyrsoirleo
1286 1329 1419 1365 similis,
1438 1329 1619 1361 interdum
1636 1329 1698 1360 vix
1715 1329 1780 1361 nisi
1798 1329 1877 1371 pilis
1894 1329 2094 1366 stellulatis,
2114 1330 2244 1372 polline

161 1385 191 1413 et
215 1382 399 1414 sterilitate
420 1382 577 1414 diversus
597 1382 749 1413 videtur.
786 1382 885 1414 Aliae
904 1383 1038 1414 formae
1058 1382 1184 1414 habitu
1210 1383 1347 1424 longius
1376 1382 1523 1414 distant.
1562 1383 1692 1415 Forma
1717 1383 1876 1425 vulgaris
1899 1385 1953 1415 est
1974 1383 2016 1415 R.
2033 1383 2244 1425 polyanthus

162 1436 197 1466 P.
217 1436 249 1467 J.
268 1436 384 1467 Muell.
402 1435 435 1467 in
461 1435 604 1467 Pollich.
644 1435 729 1467 XVI
754 1435 797 1467 96
822 1446 854 1467 n.
871 1436 925 1468 30.
971 1436 1070 1468 Aliae
1094 1439 1195 1468 sunt:

296 1507 336 1538 R.
355 1507 568 1548 hypomallos
591 1508 627 1538 P.
648 1507 680 1538 J.
698 1507 816 1538 Muell.
835 1507 869 1538 in
891 1507 1016 1549 wirtg.
1035 1507 1105 1539 Hb.
1124 1508 1218 1539 Rub.
1237 1508 1351 1540 Rhen.
1369 1508 1423 1540 ed.
1444 1508 1457 1539 Ι
1481 1518 1514 1540 11.
1536 1508 1609 1545 121,
1637 1508 1670 1540 II
1695 1518 1727 1540 11.
1745 1506 1800 1541 95.

296 1560 336 1591 R.
353 1560 602 1601 pycnostachys
631 1561 668 1591 P.
688 1560 721 1591 J.
739 1561 856 1592 Muell.
875 1561 962 1592 Poll.
980 1561 1066 1592 XVI
1100 1562 1158 1593 101
1191 1572 1223 1593 n.
1241 1561 1284 1593 35
1313 1562 1442 1602 (forma
1473 1562 1514 1594 R.
1532 1564 1715 1594 tomentoso
1743 1564 1933 1604 proxima).

293 1614 433 1645 Bouvet
450 1613 580 1645 formas
596 1614 661 1645 sub
678 1614 881 1646 nominibus
899 1615 940 1646 R.
959 1614 1166 1647 albomicans
1183 1618 1217 1646 et
1236 1616 1276 1647 R.
1294 1615 1558 1657 spidnostachys
1575 1616 1633 1657 (01.
1652 1616 1717 1648 5111)
1736 1616 1778 1648 R.
1796 1616 1971 1648 rusticano
2000 1626 2024 1649 ><
2045 1617 2243 1658 lomenloso)

158 1676 219 1707 pro
245 1669 344 1708 parte
372 1667 412 1698 R.
430 1667 620 1708 thyrsoicleo
659 1676 682 1699 >2
712 1669 893 1699 lomentoso
918 1668 1205 1700 adnumerandas
1230 1679 1305 1700 esse
1332 1672 1461 1701 censet.

294 1748 335 1778 R.
350 1747 543 1779 rusticanus
580 1755 603 1779 ><
638 1748 852 1780 tomentosus

293 1818 363 1857 (vel
388 1820 590 1849 lomentosus
630 1828 652 1850 ><
685 1818 902 1860 ulmisolius).

293 1871 380 1902 Mira
394 1871 567 1903 varietate
582 1871 777 1904 formarum
791 1872 926 1909 ludens,
943 1883 1033 1915 quae
1048 1873 1179 1915 partim
1194 1874 1438 1911 intermediae,
1454 1875 1586 1917 partim
1598 1876 1639 1907 R.
1650 1875 1835 1913 rusticano,
1852 1876 1985 1918 partim
2002 1876 2043 1908 R.
2061 1878 2244 1908 tomentoso

157 1923 337 1955 similiores
356 1927 449 1961 sunt,
471 1934 574 1966 saepe
591 1935 732 1967 quoque
752 1926 903 1967 pilorum
924 1927 1025 1968 copia
1040 1927 1095 1958 vel
1111 1927 1238 1959 foliolis
1259 1929 1419 1970 angustis
1440 1929 1484 1960 ab
1506 1931 1659 1971 utroque
1680 1932 1827 1971 parente
1848 1930 2030 1962 recedunt.
2065 1930 2243 1962 Plurimae

158 1977 191 2008 in
215 1987 344 2018 paucas
368 1977 471 2009 series
495 1978 603 2019 redigi
629 1981 788 2020 possunt,
815 1979 906 2011 inter
930 1990 1018 2021 quas
1047 1981 1287 2013 memorabiles
1312 1985 1411 2013 sunt:

293 2030 333 2061 Α.
353 2031 490 2062 Collini.
538 2032 674 2073 Typus:
704 2032 745 2063 R.
763 2032 907 2064 collinus
933 2033 1004 2065 DC.
1023 2034 1126 2065 Hort.
1144 2035 1282 2076 Monsp.
1303 2035 1366 2067 139
1392 2036 1521 2077 (1813).

295 2084 335 2114 R.
353 2084 616 2125 panormitanus
640 2085 747 2117 Tineo
772 2086 818 2127 pl.
836 2096 901 2118 rar.
923 2087 988 2118 Sic.
1006 2087 1048 2118 24
1073 2088 1191 2129 (1817)
1216 2098 1259 2120 ex
1284 2089 1462 2131 descript„
1489 2100 1559 2121 non
1584 2090 1655 2122 Hb.
1676 2090 1870 2122 Panormit.

296 2137 336 2168 R.
353 2137 482 2168 siculus
505 2137 600 2169 Presl
624 2138 673 2169 Fl.
694 2139 759 2170 Sic.
780 2139 792 2170 I
816 2139 869 2170 24.
894 2140 1025 2181 (1826.)

294 2190 473 2227 Turioncs,
503 2191 590 2222 rami
618 2192 879 2234 pedunculique
914 2194 1019 2225 dense
1049 2196 1395 2228 tomentoso-villosi.
1450 2197 1571 2229 Aculei
1607 2207 1711 2239 saepe
1740 2198 1851 2229 crebri
1880 2201 1913 2230 et
1948 2199 2058 2230 multo
2090 2198 2241 2230 minores

159 2251 265 2282 quain
286 2243 319 2273 in
342 2243 382 2274 R.
401 2244 582 2275 rzzslicano.
622 2245 755 2277 Foliola
774 2246 1115 2284 subinciso-serrata,
1143 2248 1268 2281 infima
1293 2249 1500 2282 brevissime
1520 2251 1743 2292 petiolulata.
1785 2252 1824 2283 In
1845 2252 1960 2284 forma
1980 2252 2102 2294 typica
2121 2252 2243 2284 foliola

159 2295 434 2328 suborbi‹·ularia
460 2297 656 2333 imbricata,
684 2299 793 2330 aculei
823 2300 937 2341 magni
962 2303 1056 2332 sunt.
1104 2302 1217 2334 Multo
1242 2303 1439 2344 freqentius
1464 2307 1653 2336 occurrunt
1679 2305 1815 2337 formae
1840 2305 1968 2337 foliolis
1993 2305 2242 2337 terminalibus

160 2348 506 2391 rhonilico—ellipticis
532 2351 587 2382 vel
612 2351 965 2385 rhomheo-obovatis
984 2354 1190 2387 instructae.
1232 2356 1329 2388 Sicut
1349 2356 1384 2388 in
1406 2357 1447 2389 R.
1465 2359 1647 2389 lomenloso
1668 2359 1839 2400 distingui
1859 2361 2009 2401 possunt
2028 2359 2239 2391 varietates:

160 2411 344 2437 canescens,
366 2403 536 2442 qlobralus
557 2406 591 2435 et
612 2405 966 2446 setoso-alandalosu&
989 2408 1054 2439 etsi
1076 2408 1109 2439 in
1131 2409 1195 2441 hoc
1217 2409 1406 2450 glandulae
1427 2420 1554 2452 parum
1575 2412 1739 2453 copiosae
1760 2422 1834 2444 esse
1854 2413 1980 2444 solent.
2021 2412 2240 2444 Petiolorum

160 2454 269 2485 aculei
285 2455 453 2487 uncinati.
489 2457 753 2489 Inslorescentia
770 2459 949 2491 interdum
967 2461 1208 2502 pyramidalis‚
1224 2463 1404 2495 interdum
1421 2465 1774 2507 elongata‚angusta.
1809 2466 1954 2498 Pollinis
1971 2466 2119 2508 granula
2136 2476 2241 2508 saepe

164 2507 287 2547 magna
316 2518 357 2538 cx
388 2511 487 2549 parte
517 2510 684 2550 perfecta.

296 2561 412 2592 Flores
438 2563 564 2603 pallide
583 2564 669 2595 rosei
694 2565 749 2595 vel
774 2565 854 2602 albi,
881 2566 915 2597 in
940 2567 1087 2608 rupibus
1111 2569 1210 2600 siccis
1234 2580 1338 2611 saepe
1363 2571 1513 2612 parvuli.
1561 2572 1713 2604 Fructus
1738 2573 1845 2615 vulgo
1873 2573 2005 2615 partim
2030 2573 2085 2604 vel
2118 2582 2240 2605 omnes

161 2612 323 2643 abortivi.

300 2666 510 2699 Indumento
534 2669 668 2703 villoso.
692 2671 786 2711 quod
810 2671 843 2702 in
866 2673 1025 2704 caulibus
1040 2674 1183 2716 lignosis
1205 2676 1393 2709 biennibus
1416 2688 1558 2720 (1110(1110
1579 2679 1675 2711 haud
1700 2690 1778 2711 raro
1799 2680 1984 2722 reperitur,
2009 2690 2029 2712 a
2054 2680 2238 2722 speciebus

163 2719 366 2757 parentibus
384 2721 485 2752 valde
505 2722 634 2759 (1111011,
669 2724 729 2754 sed
746 2724 841 2765 origo
861 2725 968 2757 dubia
985 2736 1058 2758 esse
1077 2738 1146 2759 non
1164 2732 1294 2770 potest.
1327 2730 1533 2763 Verosimile
1557 2735 1621 2769 est,
1647 2733 1810 2774 plantam
1835 2734 1931 2766 haud
1949 2744 2027 2766 raro
2045 2733 2239 2765 seminibus

163 2772 356 2811 propagari.
409 2773 565 2805 Frutices
592 2776 717 2816 singuli
744 2777 778 2808 in
806 2778 875 2809 una
908 2779 1103 2821 eademque
1129 2782 1311 2822 provincia
1338 2784 1399 2815 vix
1425 2794 1585 2826 unquam
1612 2786 1756 2818 omnino
1784 2787 1983 2819 conformes
2009 2797 2083 2819 esse
2110 2787 2238 2818 solent.

298 2826 491 2857 Occurrunt
516 2827 660 2862 formae,
685 2840 836 2870 quarum
858 2832 945 2862 rami
969 2833 1135 2865 exsiccati
1160 2835 1257 2866 dubii
1280 2839 1374 2874 sunt,
1401 2838 1442 2869 R.
1460 2840 1642 2870 lomenloso
1664 2839 1874 2872 simillimae.

302 2878 588 2913 &ludl'rsuikrcicliz
612 2882 664 2912 dic
688 2883 847 2923 typisclie
868 2885 1129 2928 rundblattrige
1151 2888 1295 2920 Pslanze
1315 2890 1362 2921 im
1384 2891 1546 2923 He'rault.
1590 2892 1629 2923 In
1650 2893 1764 2924 vielen
1786 2894 1938 2926 Formen
1959 2894 1994 2926 in
2016 2893 2236 2931 Catalonien‚

165 2928 308 2983 (Jorszczi.
340 2931 491 2963 Sicilicn‘.
518 2933 803 2967 walirsclicinlicli
829 2937 918 2968 auch
943 2938 978 2969 in
1004 2939 1070 2971 den
1099 2941 1244 2973 meisten
1269 2943 1403 2975 andern
1428 2944 1804 2978 Mittelmeerlandern.
1856 2948 1908 2979 Im
1934 2948 2057 2979 Orient
2082 2957 2152 2978 von
2178 2947 2239 2978 der

168 2980 291 3021 5111151).
310 2983 495 3015 (11111111111115
525 2986 733 3019 ulizulcilen.
