2310 3392
55 356 150 401 (399)
2061 364 2120 393 175

53 459 271 492 rectiusculis
297 458 351 490 vel
383 456 561 490 reclinatis
588 456 763 489 instructi.
815 457 911 489 Folia
938 458 1267 499 ‹ligitato-quinata.
1295 461 1467 491 autumno
1495 460 1658 495 dccidua;
1686 461 1803 502 petioli
1830 461 1957 493 aculeis
1984 462 2121 493 falcatis

53 513 193 549 armati,
215 522 321 554 supra
343 512 450 554 plani,
472 511 624 552 stipulae
651 514 799 551 anguste
826 511 1182 543 lineari-laiueolatae
1210 512 1263 543 vel
1291 512 1452 547 lineares2
1479 513 1593 544 foliola
1623 514 1724 545 valde
1751 514 1982 555 inaequaliter
2007 518 2041 545 et
2067 518 2121 546 sat

54 566 227 608 profunde
243 568 388 601 serrata,
405 565 532 596 subtus
547 564 700 595 molliter
715 564 955 606 pubescentia,
974 565 1157 596 terminale
1173 567 1321 596 ovatum
1336 566 1390 596 vel
1405 566 1609 607 ellipticuin‚
1627 567 1869 599 acuminatum
1886 568 1939 598 vel
1954 568 2123 599 caudato-

53 619 293 661 cuspidatum,
324 618 448 650 infima
477 617 664 649 manifeste
688 617 909 658 petiolulata.
957 618 1222 650 Inl'lorescentia
1244 618 1279 649 in
1303 619 1406 649 ramis
1429 619 1581 650 caulium
1605 620 1841 661 superioribus
1864 621 2120 655 subraceinosa,

54 673 88 704 in
103 672 320 704 intermediis
332 671 599 703 etinferioribus
614 680 630 702 e
646 671 790 702 ramulis
805 672 1146 712 erecto-patentibus
1162 671 1362 713 paucil'loris
1378 672 1507 713 partim
1522 672 1704 713 cyinigeris
1719 673 1924 715 composita,
1942 673 2123 704 inediocris

54 726 107 757 vel
140 726 320 757 interdum
351 725 527 766 elongata.
589 724 745 755 Rhachis
777 734 857 755 cum
889 724 1096 766 pedunculis
1128 724 1451 759 tomentoso-hirta,
1484 726 1588 766 vulgo
1621 736 1722 767 parce
1755 726 2122 759 aciculato-aculeata2

54 780 218 811 bracteae
245 778 403 810 lineares.
458 778 576 809 Flores
603 777 830 819 spectabiles:
859 778 978 819 sepala
1006 778 1372 815 cinereo-tomentosa,
1402 778 1572 813 villosula,
1602 778 1635 810 in
1663 779 1748 810 flore
1775 782 1809 810 et
1837 779 1953 810 fructu
1982 780 2122 813 reflexa,

54 833 173 874 petala
190 832 358 868 obovata,
379 831 475 868 alba;
495 830 650 862 stamina
668 831 779 872 stylos
798 831 898 872 longe
917 831 1138 873 superantia;
1157 831 1341 862 silainenta
1360 831 1455 868 alba;
1475 832 1610 863 fructus
1629 832 1757 873 magni,
1777 842 1792 863 e
1812 832 1986 873 drupeolis
2006 842 2125 863 nume-

54 885 140 917 rosis
164 884 285 917 nitidis
309 884 509 926 compositi.

194 938 332 981 Species
347 938 442 970 haud
458 937 612 969 multum
622 937 812 972 variabilis.
824 937 884 969 sed
899 937 933 968 in
948 937 1198 979 speciminibus
1213 937 1396 969 exsiccatis
1411 948 1514 980 saepe
1529 938 1572 969 ab
1588 938 1662 969 aliis
1679 937 1787 969 Rubis
1803 947 1901 978 aegre
1917 938 2123 979 separanda.

57 993 97 1024 R.
115 991 291 1034 sciophilo,
316 991 542 1033 Sampaiano,
566 990 732 1027 Masis-sii,
757 991 936 1022 interdum
960 1001 1099 1032 quoque
1125 991 1165 1022 R.
1183 989 1345 1022 Godroni'i
1367 991 1487 1022 similis
1509 1001 1581 1022 esse.
1604 992 1732 1033 potest.
1776 992 1907 1031 Rogers
1936 992 1974 1022 R.
1993 991 2126 1022 leucan-

55 1045 152 1077 (lrum
172 1046 264 1077 inter
283 1046 324 1077 R.
343 1045 486 1086 affinem
506 1046 541 1076 et
561 1044 602 1075 R.
619 1047 751 1085 (fratum
771 1044 1021 1076 intermedium
1040 1054 1112 1075 esse
1133 1046 1261 1078 censet,
1282 1044 1340 1075 sed
1361 1055 1413 1075 me
1432 1044 1548 1085 judice
1567 1045 1785 1076 characteres
1805 1044 1894 1075 inter
1915 1045 1954 1075 R.
1973 1043 2127 1075 Maassii

55 1102 90 1131 et
118 1099 159 1130 R.
179 1098 345 1131 adst-imm
373 1098 573 1139 ambigunt.

194 1153 235 1184 R.
254 1151 452 1192 lasiolliilrsi
467 1152 515 1192 (v.
534 1151 639 1192 infra)
655 1151 771 1182 caules
787 1151 927 1182 densius
943 1151 1042 1193 pilosi
1059 1153 1139 1181 sunt
1157 1160 1264 1191 quam
1280 1150 1325 1181 illi
1344 1151 1384 1181 R.
1403 1150 1586 1187 leucandri,
1603 1151 1663 1182 sed
1679 1150 1712 1181 in
1728 1150 1850 1182 ceteris
1866 1150 2127 1181 characteribus

56 1207 121 1238 hae
141 1206 286 1248 plantae
305 1205 408 1237 valde
429 1205 558 1236 similes
578 1214 651 1235 esse
672 1204 849 1236 videntur.
888 1205 939 1235 De
960 1204 1210 1245 speciminibus
1230 1204 1413 1235 exsiccatis
1434 1214 1514 1235 vero
1535 1214 1671 1245 semper
1690 1206 1793 1235 caute
1812 1203 2043 1244 judicandum
2063 1205 2126 1233 est.

196 1258 396 1301 Specimina
419 1258 483 1290 sub
510 1258 550 1289 R.
568 1257 698 1299 proceri
722 1258 862 1289 nomine
886 1268 905 1289 a
929 1258 1067 1298 Boula)v
1091 1257 1209 1288 Assoc.
1229 1257 1356 1288 Rubol.
1374 1257 1439 1288 2125
1463 1257 1653 1288 distributa
1677 1267 1696 1288 a
1722 1257 1761 1288 R.
1780 1256 1958 1287 lein-andro
1981 1256 2040 1286 vix
2064 1255 2127 1287 nisi

56 1312 146 1344 foliis
175 1312 405 1344 discoloribus
433 1312 646 1353 discrepant.
699 1312 821 1353 'l'ypus
850 1311 891 1342 R.
909 1310 1038 1352 proceri
1065 1310 1099 1342 in
1128 1311 1264 1341 Ronces
1292 1310 1395 1351 Vosg.
1414 1320 1468 1341 no.
1487 1311 1506 1341 6
1533 1310 1675 1341 omnino
1704 1310 1861 1341 diversus
1888 1312 1951 1340 est.
2004 1309 2129 1340 Confer

58 1367 99 1398 R.
116 1366 364 1408 prolonqalurn.

194 1419 428 1451 Waldrander
447 1418 519 1450 und
541 1418 736 1450 Gebiische.
776 1418 826 1449 Im
846 1417 1138 1449 nordwestliehen
1158 1417 1413 1451 Deutschland,
1434 1416 1587 1458 Belgien,
1609 1416 1905 1448 Nordfrankreich
1926 1415 1997 1446 und
2016 1414 2128 1445 einem

56 1482 197 1515 grossen
226 1472 320 1504 Teile
348 1483 419 1503 von
448 1472 612 1513 England
640 1471 868 1503 stellenweise
898 1471 1030 1512 hausig.

196 1562 344 1594 Formae
385 1562 427 1595 R.
469 1561 762 1592 leucandro
804 1560 1018 1594 aflines,

196 1644 237 1675 R.
254 1643 481 1681 prolongatus
509 1641 648 1682 Boulay
675 1643 708 1672 et
738 1641 913 1672 Lelendre.
942 1641 1023 1671 Exs.
1044 1640 1264 1671 Ass.Ruh01.
1286 1639 1358 1676 178,
1387 1639 1463 1675 831,
1492 1638 1567 1675 890,
1596 1638 1657 1669 891
1688 1648 1731 1669 ex
1758 1638 1906 1678 Boulay.
1959 1636 2059 1668 Corb.
2078 1636 2128 1667 Fl.

58 1696 180 1728 Norm.
200 1706 231 1737 p.
249 1695 326 1727 203.

197 1758 238 1789 R.
256 1757 465 1799 hypoleucus
495 1757 621 1799 Subsp.
639 1756 858 1798 prolonqalus
886 1756 986 1787 Boul.
1005 1755 1038 1787 in
1066 1757 1169 1798 Rouy
1198 1758 1229 1787 et
1260 1755 1355 1787 Cam.
1374 1755 1423 1786 Fl.
1442 1755 1496 1785 Fr.
1514 1754 1563 1785 Vl
1591 1764 1622 1795 p.
1640 1753 1693 1785 58.

198 1812 238 1843 R.
257 1811 478 1852 lasiotlzyrsos
510 1810 781 1852 l).p1·0l01151(1lus
817 1810 926 1841 Sudre
960 1810 1053 1841 Rub.
1073 1810 1155 1841 Eur.
1173 1809 1226 1840 62.
1290 1808 1419 1839 Ditl'ert
1452 1818 1471 1839 a
1506 1808 1545 1838 R.
1565 1806 1741 1838 lem-andro
1774 1806 1936 1837 omnibus
1968 1805 2129 1847 partibus

59 1864 200 1897 densius
217 1864 347 1907 pilosis,
366 1864 553 1906 praecipue
572 1863 698 1895 foliolis
716 1864 842 1895 subtus
860 1863 1187 1895 cano—tomentosis.
1220 1862 1352 1893 Foliola
1369 1871 1471 1903 saepe.
1490 1860 1604 1892 minus
1627 1860 1727 1900 longe
1749 1859 1932 1901 cuspidata
1952 1858 2128 1890 videntur.

61 1918 328 1950 Inflorescentia
353 1918 563 1950 aculeolata.

197 1971 515 2003 Nordfrankreich:
548 1970 648 2003 Seine
675 1970 749 2007 inf„
778 1970 938 2001 Manche.

201 2063 242 2094 R.
258 2062 486 2100 lasiothyrsos
515 2060 626 2092 Sudre
653 2060 746 2091 Rub.
766 2060 846 2101 Pyr.
864 2070 897 2101 p.
915 2059 968 2090 92.
1021 2058 1149 2099 (1900).
1202 2057 1295 2089 Rubi
1324 2058 1405 2089 Eur.
1424 2068 1456 2099 p.
1474 2056 1527 2087 61.

198 2123 240 2155 R.
259 2122 467 2155 lasiocaulon
495 2125 527 2154 et
558 2123 599 2154 R.
617 2121 802 2154 villieaulis
828 2131 901 2153 var.
920 2120 1139 2162 las-iollzyrsos
1168 2120 1278 2151 Sudre
1305 2119 1408 2161 prius.

197 2177 367 2208 Turiones
395 2176 563 2219 pruinosi,
593 2175 732 2217 parcius
761 2175 860 2217 pilosi
891 2184 997 2216 quam
1027 2174 1059 2205 in
1091 2174 1131 2205 R.
1156 2173 1367 2214 I)¹'‘’l⁰¹1.‘l‘¹l⁰3
1397 2171 1515 2203 foliola
1543 2180 1648 2212 supra
1677 2179 1777 2211 parce
1807 2169 1926 2211 pilosa,
1949 2169 2130 2200 terminale

60 2232 210 2262 ovatum
234 2230 289 2261 Vel
314 2229 520 2272 ellipticum,
547 2229 805 2261 acuminatum.
856 2227 1141 2259 Inflorescentiae
1166 2226 1290 2258 ramuli
1316 2225 1452 2262 hirsuti,
1479 2224 1606 2256 aculeis
1631 2223 1755 2254 validis
1780 2223 1917 2254 armati.

201 2283 289 2315 Siid-
318 2283 392 2315 und
422 2283 737 2315 Westfrankreich.

197 2371 274 2404 390.
296 2374 336 2404 R.
359 2374 500 2405 Gremlii
521 2372 636 2404 Focke
661 2372 743 2413 Syn.
761 2371 856 2403 Rub.
877 2370 993 2402 Germ.
1011 2369 1087 2401 2613.
1127 2368 1256 2410 (1877.)
1295 2368 1452 2400 Asc-hers
1475 2369 1507 2398 et
1533 2366 1682 2398 Graebn.
1704 2366 1786 2406 Syn.
1804 2364 1898 2396 initt.
1916 2364 1964 2394 Fl.
1982 2363 2032 2394 VI
2052 2364 2128 2395 521.

199 2434 240 2465 R.
257 2434 498 2476 piletostachys
524 2434 597 2475 (cit.
619 2434 722 2466 Gren.
741 2436 775 2465 et
804 2433 926 2473 Godr.)
956 2432 1085 2464 Gremli
1112 2431 1221 2463 Beitr.
1243 2431 1373 2462 Schwz.
1390 2430 1443 2461 43.
1471 2428 1641 2470 (maxima
1667 2437 1709 2458 ex
1734 2427 1860 2468 parte).

200 2488 240 2519 R.
257 2490 441 2519 montanus
469 2488 542 2529 (cit.
559 2488 701 2529 Wirtg.)
730 2478 842 2519 Kern.v
856 2496 927 2518 exs,

199 2541 240 2572 R.
260 2540 413 2582 infestus,
440 2541 669 2583 thyrsislorns,
695 2540 801 2577 rudis,
829 2538 1018 2572 Genevierii
1039 2540 1153 2570 autor.
1172 2538 1290 2569 Austr.
1320 2536 1354 2567 in
1382 2535 1518 2571 exsicc.‚
1551 2535 1591 2566 R.
1622 2532 1867 2575 amplzichloros
1896 2535 1969 2563 aut.
1987 2541 2029 2562 ex
2057 2533 2128 2572 pte.

63 2594 104 2625 R.
124 2593 236 2626 clasii
260 2594 396 2626 Borbas
420 2604 463 2626 ex
490 2594 706 2635 Sabransky.
755 2594 795 2625 R.
812 2591 1026 2634 yliovicensis
1054 2590 1225 2633 Spribille.

198 2647 368 2679 Turiones
394 2657 437 2679 ex
463 2658 546 2680 arcu
572 2647 695 2679 humili
723 2646 903 2688 prostrati,
932 2645 1042 2677 rarius
1069 2644 1289 2677 scandentes.
1318 2642 1450 2673 inferne
1476 2639 1713 2681 obtusauguli,
1741 2648 1888 2680 superne
1915 2636 2128 2677 aeutanguli.

61 2700 166 2731 dense
181 2701 324 2732 vellaxe
339 2701 450 2743 pilosi,
468 2701 596 2733 aculeis
612 2703 666 2732 sat
676 2700 802 2731 validis
812 2698 1088 2739 subaequalihus
1103 2696 1279 2728 reclinatis
1295 2695 1422 2727 armati
1438 2697 1472 2725 et
1488 2696 1668 2735 praeterea
1682 2702 1785 2733 saepe
1801 2690 1963 2722 aculeolis
1978 2689 2130 2729 setisque

61 2753 301 2794 glanduliferis
321 2754 450 2796 sparsis
468 2755 523 2786 vel
541 2754 721 2785 interdum
738 2752 866 2784 crebris
887 2751 1011 2793 asperi.
1055 2750 1149 2781 Folia
1169 2749 1318 2792 plurima
1349 2747 1661 2789 perlato-quiiu‘ita2
1686 2745 1803 2787 petioli
1832 2743 1959 2775 aculeis
1986 2742 2131 2773 aduncis

61 2806 190 2848 sparsis
212 2807 267 2838 vel
289 2807 417 2838 crebris
439 2807 620 2844 instructi3
644 2806 795 2848 stipulae
818 2805 1010 2838 filil'ormes,
1029 2806 1081 2835 sat
1100 2804 1170 2835 alte
1192 2803 1361 2837 adnatae;
1385 2801 1502 2831 l'oliola
1524 2808 1638 2840 grosse
1660 2801 1695 2829 et
1716 2796 1948 2838 inaequaliter
1970 2796 2132 2826 dentato-

61 2862 206 2897 serrata,
229 2870 335 2902 supra
355 2860 515 2902 strigosa‚
538 2861 665 2892 subtus
685 2859 840 2891 breviter
861 2856 1101 2899 pubescentia,
1130 2855 1269 2896 juniora
1291 2854 1467 2885 interdum
1495 2851 1817 2883 cano-toinentella.
1846 2849 1968 2880 adulta
1990 2847 2130 2880 viridia:

62 2913 247 2944 terminale
268 2913 437 2954 petiolulo
460 2913 565 2956 triplo
588 2914 643 2944 vel
666 2912 864 2953 quadruplo
887 2910 1033 2951 longius.
1064 2919 1080 2940 e
1103 2909 1178 2940 basi
1200 2907 1394 2939 rotundata
1422 2906 1475 2937 vel
1498 2904 1717 2944 einai-giunta
1739 2902 2055 2941 ovato-oblongum
2078 2900 2131 2930 vel

62 2968 222 3003 ovatum,
252 2966 381 2998 sensim
408 2967 665 2998 acuminatum.
718 2963 982 2996 Inl'loreseentia
1007 2962 1202 2994 inediocris.
1227 2964 1277 2991 sat
1306 2962 1467 2999 angusta.
1497 2958 1628 2989 interne
1657 2957 1746 2987 l'oliis
1774 2955 1893 2997 paucis
1922 2954 2130 2995 interrupta.

63 3028 140 3050 raro
164 3029 275 3060 usque
303 3020 348 3051 ad
377 3019 513 3061 apicem
536 3020 671 3055 foliosa,
703 3027 852 3059 superne
875 3027 891 3048 e
914 3016 1058 3047 ramulis
1082 3015 1247 3045 brevibus
1270 3013 1436 3044 ‹·ont'ertis
1459 3010 1665 3052 composita.
1711 3008 1865 3040 Rhaehis
1888 3018 1967 3039 euni
1990 3006 2132 3037 ramulis
