2310 3392
58 322 153 364 (3⁶¹)
2075 338 2130 366 13?

197 425 238 456 R.
259 423 425 455 insularis
452 423 489 454 F.
508 423 712 465 Areschoug
740 424 887 456 Skane‘s
914 425 962 455 Fl.
980 425 1033 456 ed.
1051 425 1071 456 2
1097 435 1129 466 p.
1147 425 1223 457 570.

196 478 236 509 R.
254 476 445 508 murchicus
475 477 514 508 E.
534 476 578 508 H.
597 477 634 508 L.
654 477 793 508 Krause
821 477 926 508 Verli.
945 479 1025 509 ssot.
1044 479 1121 510 Ver.
1140 479 1274 513 Brndb.
1293 483 1416 515 XXVI
1448 495 1479 526 p.
1502 485 1550 516 15.

194 531 236 562 R.
252 529 426 562 Euenitzii
446 530 557 562 Utsch
577 529 611 561 in
633 530 762 565 selled.,
790 531 830 562 R.
848 531 1031 572 pubescens
1055 541 1077 563 κ
1104 533 1313 576 (Sprensselii
1336 546 1358 568 s<
1385 537 1584 579 villicaulis)
1608 539 1719 571 Utsch
1742 540 1775 571 in
1797 541 1912 572 sched.
1931 542 1997 578 (est
2020 542 2132 574 forma

55 584 205 626 sparsim
226 583 492 625 glandulifera);
518 583 558 614 R.
577 583 645 615 vill.
664 584 882 625 eurypelulus
905 584 1020 616 Foeke
1044 585 1127 626 Syn.
1146 586 1238 619 Rub.
1261 589 1375 621 Germ.
1394 601 1426 631 p.
1444 591 1520 622 209.

192 637 361 669 Turiones
384 637 463 668 laxe
488 638 653 678 patenter
677 636 806 671 villosi:
832 637 1044 678 petiolorum
1069 648 1149 679 pars
1177 642 1289 673 media
1312 653 1418 684 supra
1442 654 1511 675 non
1535 645 1687 681 sulcala;
1714 646 1832 677 foliola
1856 647 1982 679 adulta
2005 648 2132 680 subtus

56 691 160 732 vulgo
190 690 327 727 viridia,
358 690 392 721 in
421 690 599 721 sterilibus
628 690 755 732 apricis
783 691 1022 727 canescentia;
1053 691 1313 727 inl'loreseentia
1343 705 1520 728 ramorum
1550 698 1791 737 viem-osorum
1821 700 1911 737 laxa,
1942 711 1959 731 e
1988 702 2131 733 ramulis

55 744 264 787 patentibus
278 744 412 775 inferne
426 743 655 784 simplicibus,
676 743 774 785 apice
789 744 1042 785 subcymigeris
1056 748 1269 788 composita;
1290 750 1407 790 petala
1422 751 1800 793 rotundato-elliptica,
1820 753 2023 794 saepissime
2038 755 2129 786 alba.

191 815 223 846 b.
242 816 439 847 Incarnatus
469 815 505 846 Ρ.
532 814 564 846 J.
590 814 707 845 Muell.
746 815 890 846 Pollich.
916 816 1001 846 XVI
1032 827 1064 857 p.
1088 817 1141 848 59.
1183 819 1318 859 (1859);
1349 830 1392 851 an
1426 821 1466 852 R.
1489 822 1762 854 mucroucunlhos
1799 824 1876 855 Wh.
1900 827 1934 856 et
1966 825 2008 856 N.
2036 825 2130 857 Rubi

253 868 369 900 Germ.
388 878 421 910 p.
439 867 481 899 44
503 868 576 899 tab.
596 868 752 899 XVIII‘?

193 931 233 962 R.
252 930 445 962 obolrilicus
471 930 509 961 E.
529 930 573 961 H.
592 930 630 960 L.
650 930 788 961 Krause
812 931 916 962 Verh.
936 931 1016 962 Bot.
1034 932 1113 963 Ver.
1132 934 1266 965 Brndb.
1294 935 1417 966 XXVI
1444 946 1475 976 p.
1498 936 1535 967 15
1561 936 1597 975 (f.
1616 937 1875 979 glandulifera).

190 984 360 1015 Turiones
391 993 494 1025 parce
521 983 633 1025 pilosi,
665 984 967 1025 fusco-purpurei:
1000 985 1120 1026 petioli
1149 987 1300 1019 maxima
1324 998 1365 1019 ex
1389 991 1489 1029 parte
1519 999 1624 1031 supra
1655 991 1792 1027 sulcati,
1825 992 1952 1023 aculeis
1985 994 2131 1025 aduncis

54 1037 198 1074 armati;
218 1037 338 1068 foliola
356 1047 461 1079 supra
477 1037 623 1068 obscure
642 1037 780 1071 viridia,
801 1037 927 1068 subtus
943 1048 1046 1069 eano-
1061 1039 1115 1070 vel
1135 1040 1447 1078 albo-tomentosa‚
1466 1042 1605 1082 juniora
1625 1043 1765 1084 plicata.
1802 1045 1920 1076 Aculei
1941 1045 1974 1076 in
1994 1047 2131 1077 turione

53 1094 85 1122 et
113 1091 147 1122 in
174 1100 270 1122 ramo
304 1090 457 1122 florifero
490 1090 637 1124 robusti,
672 1090 875 1131 longissimi,
910 1091 1096 1133 praecipue
1130 1093 1163 1124 in
1190 1094 1261 1124 5010
1289 1094 1471 1135 argillaceo
1498 1095 1608 1126 crebri
1634 1098 1669 1127 et
1695 1097 1819 1133 validi;
1846 1108 2025 1130 ramorum
2052 1109 2132 1140 pars

56 1145 167 1176 media
184 1144 278 1175 haud
294 1154 371 1175 raro
387 1144 551 1175 aculeolis
565 1143 828 1185 tuberculisque
841 1147 1062 1186 exasperata.
1098 1146 1382 1179 Infloreseentiae
1401 1148 1525 1179 ramuli
1544 1151 1853 1191 erecto-patentes,
1873 1152 1977 1192 vulgo
1995 1152 2129 1189 breves,

52 1197 401 1230 subulam-aculeati.
439 1197 556 1228 Flores
576 1197 742 1233 eonserti;
763 1198 892 1238 eupula
911 1208 1016 1240 saepe
1035 1199 1210 1231 aciculata
1228 1203 1263 1231 et.
1282 1201 1531 1242 glandulil'era:
1553 1203 1670 1243 petala
1689 1203 1851 1244 oblonga,
1873 1205 2001 1245 pallide
2021 1215 2129 1241 rosea,

52 1261 129 1283 raro
152 1261 340 1293 purpurea.

190 1305 318 1335 Forma
340 1304 380 1335 R.
399 1304 627 1336 elz-nillicauli
647 1304 764 1345 paullo
785 1304 930 1336 similior
949 1305 1183 1346 glandulisera
1202 1309 1255 1338 est
1277 1307 1317 1339 R.
1335 1308 1608 1349 meqapolilunus
1628 1309 1765 1340 Ix'rause
1785 1309 1819 1341 in
1839 1311 1941 1341 Verh.
1960 1311 2033 1342 bot.
2052 1312 2129 1343 Ver.

52 1358 208 1390 Brandb.
228 1358 353 1389 XXVI
383 1368 415 1399 p.
437 1357 487 1388 14.

192 1411 501 1451 R.1·ccla11(szllszlzzs
530 1411 569 1443 G.
588 1411 706 1443 Maass
730 1410 765 1442 in
792 1411 907 1442 Focke
936 1411 1019 1453 Syn.
1038 1412 1131 1444 Rub.
1153 1413 1269 1445 Germ.
1297 1424 1329 1455 p.
1347 1414 1423 1445 209.
1451 1415 1579 1446 aculeis
1605 1415 1649 1446 ad
1674 1416 1825 1447 fundum
1850 1416 2132 1449 infloreseentiae

51 1467 146 1496 recto
177 1465 306 1506 angulo
336 1464 546 1506 patentibus
576 1464 720 1506 insignis
750 1467 814 1495 est.

188 1546 215 1567 e.
246 1537 404 1568 calvatus
429 1536 531 1567 Blox.
549 1535 584 1567 in
610 1535 725 1577 Kirby
752 1536 802 1566 Fl.
821 1535 967 1567 Leicest.
987 1546 1018 1578 p.
1036 1537 1090 1568 42.
1140 1537 1269 1578 (1850).

249 1598 290 1629 R.
310 1598 433 1630 Sulleri
457 1597 479 1638 β
502 1598 652 1630 calvatus
676 1598 844 1639 Babingt.
863 1598 952 1629 Brit.
971 1599 1065 1630 Rubi
1092 1610 1124 1641 p.
1146 1600 1218 1631 133.

188 1651 358 1683 Turiones
381 1651 515 1683 inferne
539 1651 650 1694 pilosi,
675 1652 945 1693 glabrescentes,
971 1652 1100 1684 aculeis
1121 1653 1345 1685 brevioribus
1369 1664 1475 1695 quam
1499 1655 1533 1685 iu
1558 1655 1598 1686 R.
1619 1655 1793 1687 incarnato
1816 1656 1954 1687 armati.
1999 1657 2131 1688 Foliola

52 1705 178 1736 subtus
196 1705 323 1736 viridia
341 1705 395 1736 vel
411 1705 523 1736 rarius
540 1705 785 1737 cano-viridia.
820 1705 945 1747 Sepala
970 1705 1004 1737 in
1022 1706 1141 1738 fructu
1159 1707 1238 1738 laxe
1255 1708 1386 1739 reflexa
1405 1708 1459 1739 vel
1478 1708 1649 1749 patentia.
1688 1709 1847 1741 Stamina
1876 1710 1986 1750 stylos
2006 1719 2130 1751 parum

51 1758 256 1800 superantia
280 1759 335 1790 vel
358 1758 398 1789 iis
422 1758 644 1800 aequilonga.

189 1829 221 1860 d.
251 1831 378 1869 Langei
405 1829 444 1861 G.
465 1830 597 1861 ,Jensen
620 1830 654 1861 in
679 1831 760 1861 Bot.
778 1830 934 1862 Tidsskr.
953 1831 1039 1862 XVI
1064 1841 1096 1872 p.
1114 1831 1168 1862 67.
1213 1831 1343 1871 (1887.)

188 1891 321 1923 Foliola
342 1892 547 1933 angustiora
568 1902 676 1934 quam
697 1892 731 1923 in
754 1893 794 1923 R.
815 1893 1001 1929 incarnato,
1025 1893 1191 1925 dentibus
1211 1894 1371 1934 angustis
1391 1896 1513 1935 argute
1533 1896 1677 1929 serrata,
1699 1895 1804 1936 vulgo
1825 1904 1951 1936 parva3
1973 1896 2129 1926 inflores-

51 1945 166 1976 centia
184 1947 347 1987 angusta,
366 1955 470 1987 saepe
487 1955 522 1977 ra
532 1946 632 1977 mulis
650 1946 818 1977 brevibus
835 1946 1040 1978 axillaribus
1059 1947 1276 1978 distantibus
1299 1947 1402 1978 valde
1419 1947 1594 1988 elongata.
1633 1948 1811 1979 Antherae
1836 1958 1938 1990 saepe
1962 1948 2128 1990 piliserae.

57 2018 89 2020 —
125 1998 324 2040 Specimina
353 1999 455 2035 sicca,
486 2009 505 2030 a
536 1999 778 2031 Frideriehsen
808 2002 966 2041 accepta,
997 2000 1127 2041 partim
1157 2000 1201 2031 ad
1233 2001 1273 2031 R.
1292 2000 1733 2041 rliamnisolio-uillicaulem
1763 2004 1921 2043 spectare
1950 2001 2127 2032 videntur.

188 2079 215 2101 e.
247 2071 432 2102 atroeaulis
454 2071 490 2101 P.
511 2070 679 2101 ι[11110011.
704 2070 805 2111 (Poll.
825 2070 910 2101 XVI
934 2081 966 2112 p.
988 2070 1082 2111 163);
1114 2070 1356 2102 Η.υι”1[ιέαιιῖί3
1376 2070 1398 2110 β
1418 2071 1599 2102 atrocanlis
1621 2071 1758 2112 Boulay
1787 2071 1822 2103 in
1844 2072 1947 2112 Rouy
1975 2074 2006 2102 et
2033 2072 2128 2103 Cam.

247 2123 297 2154 Fl.
316 2123 370 2154 Fr.
388 2123 437 2155 VI
468 2134 500 2165 p.
519 2123 572 2155 28.

188 2185 323 2217 Foliola
337 2185 421 2221 lata,
445 2186 611 2217 dentibus
626 2186 706 2217 latis
725 2186 940 2217 mucronatis
954 2189 1104 2221 serrata;
1127 2186 1246 2228 petioli
1262 2186 1404 2218 omnino
1425 2186 1568 2223 sulcati;
1591 2186 1851 2218 inflorescentia
1873 2187 2125 2228 depauperata,

50 2238 179 2269 aculeis
202 2238 370 2270 brevibus
398 2239 544 2270 munita.
575 2259 608 2262 ——
634 2239 716 2271 Var.
734 2239 865 2280 Lanqci
887 2242 921 2270 et
946 2239 1128 2271 alrocanlis
1152 2240 1285 2271 formae
1308 2242 1487 2271 extremae
1514 2240 1553 2270 R.
1574 2239 1745 2270 incarnati
1767 2249 1841 2270 esse
1864 2240 2040 2270 videntur.

188 2292 347 2323 Frutices
368 2293 467 2323 multi
484 2295 685 2327 occurrunt,
711 2293 745 2324 in
763 2293 892 2334 quibus
910 2293 1129 2324 diversarum
1146 2293 1363 2324 varietatum
1380 2293 1478 2333 signa
1499 2292 1609 2324 mixta
1626 2295 1724 2328 sunt;
1743 2293 1934 2334 specimina
1951 2293 2126 2324 exsiccata

54 2345 174 2381 multa,
200 2344 274 2376 sine
298 2345 405 2377 dubio
431 2346 472 2377 R.
490 2346 695 2378 villicaulcm
720 2356 843 2378 verum
867 2346 1042 2381 sistentes,
1068 2346 1186 2387 quoad
1210 2346 1421 2377 varietatem
1445 2345 1586 2377 omnino
1611 2346 1743 2377 incerta
1767 2348 1859 2376 sunt.

187 2398 309 2430 Altera
330 2409 372 2430 ex
394 2402 495 2440 parte
516 2399 646 2431 limites
666 2399 758 2431 inter
781 2400 821 2431 R.
840 2399 1044 2431 villicaulem
1066 2402 1098 2430 et
1122 2399 1207 2430 alias
1229 2399 1358 2441 species
1380 2399 1465 2430 satis
1487 2399 1574 2429 bene
1596 2398 1732 2429 definiti
1754 2402 1847 2430 sunt.

187 2451 434 2493 Verbreitung.
481 2453 572 2484 Vom
596 2453 779 2484 siidlichen
808 2453 999 2484 Schweden
1024 2452 1133 2484 durch
1159 2453 1363 2483 Danemark
1388 2452 1459 2483 und
1485 2452 1819 2483 Nm‘ddeutschland
1844 2451 1896 2482 bis
1920 2461 2000 2483 zum
2025 2451 2128 2482 nord-

50 2504 222 2536 ostlichen
237 2505 463 2542 Frankreich,
488 2506 799 2538 Grossbritannien
821 2506 894 2537 und
912 2506 1029 2537 Irland
1044 2505 1247 2540 verbreitet,
1273 2505 1435 2536 meistens
1450 2505 1581 2545 hausig,
1603 2504 1685 2536 aber
1705 2505 1739 2535 in
1763 2505 1932 2536 manelien
1953 2505 2127 2535 kleineren

50 2558 224 2589 Bezirken
244 2559 287 2598 (z.
306 2559 346 2590 Β,
364 2559 398 2590 in
418 2559 570 2591 VVeihe‘s
593 2559 878 2601 Sammelgebiet,
900 2569 1000 2590 wenn
1020 2559 1115 2590 nicht
1140 2559 1180 2590 R.
1198 2558 1472 2589 lnacroucanllios
1492 2568 1532 2588 zu
1556 2558 1595 2589 R.
1613 2557 1797 2589 villicaulis
1817 2558 1954 2599 gehort)
1974 2557 2126 2588 felilend.

54 2611 92 2642 In
117 2611 362 2643 Deutschland
389 2615 554 2644 ostwarts
579 2613 632 2644 bis
659 2623 700 2644 zu
729 2613 796 2644 den
822 2612 1177 2653 Weiehselgegenden
1204 2612 1335 2653 haufig.
1364 2611 1396 2642 in
1427 2611 1736 2642 Siiddeutschland
1763 2611 1840 2642 sehr
1867 2612 2048 2641 zcrstreut.
2091 2611 2127 2640 ln

48 2660 247 2696 Osterreich
277 2665 311 2696 in
345 2665 518 2701 Bohmen,
551 2666 839 2697 wahrsclieinlieh
873 2665 962 2697 auch
997 2665 1032 2696 in
1063 2665 1226 2701 Mahrem
1256 2675 1318 2696 aus
1354 2665 1419 2695 den
1450 2664 1595 2705 iibrigen
1623 2664 1886 2695 Landsehasten
1912 2663 2123 2694 zweil'elhat't

50 2717 123 2748 und
137 2717 323 2758 jedenfalls
339 2719 418 2750 sehr
432 2722 603 2751 zerstreut
621 2719 814 2759 (vielleicht
832 2719 872 2750 R.
890 2718 1020 2750 Kelleri
1036 2718 1191 2759 Halaesy
1208 2718 1268 2749 Oe.
1286 2718 1325 2749 B.
1344 2718 1379 2748 Z.
1398 2717 1450 2748 XI
1468 2728 1500 2758 p.
1518 2717 1625 2757 -131·.>)
1642 2717 1908 2748 vorkommend.
1942 2716 1979 2747 In
1996 2716 2129 2747 Frank-

50 2770 144 2801 reich
162 2771 365 2813 vorziiglieh
384 2772 432 2803 im
451 2773 664 2807 Nordosten,
685 2773 860 2803 sudwarts
878 2772 931 2802 bis
949 2782 991 2802 zu
1011 2772 1076 2802 den
1095 2772 1265 2812 Vogesen.
1300 2771 1413 2803 Unter
1432 2770 1498 2801 den
1518 2770 1722 2801 Varietaten
1741 2770 1864 2810 gehort
1883 2769 2128 2800 etz-villicuulis

52 2824 306 2865 vorzugsweise
333 2825 412 2856 dem
433 2826 543 2857 Osten
564 2826 774 2865 (Schlesien)
795 2825 867 2856 und
888 2825 1042 2859 Norden,
1070 2834 1140 2855 von
1164 2824 1350 2863 Sclileswig
1376 2823 1429 2854 bis
1452 2823 1652 2856 Scliweden.
1684 2822 1895 2854 Seliottland
1923 2822 1993 2853 und
2016 2822 2127 2852 Nord-

50 2877 202 2918 england
224 2887 280 2913 an,
303 2878 470 2910 wahrend
485 2889 558 2910 var.
572 2879 771 2910 incarnatus
789 2878 1101 2909 mehrimWesten
1117 2878 1202 2918 (von
1225 2877 1284 2908 der
1299 2877 1385 2907 Elbe
1408 2886 1451 2907 an
1474 2876 1709 2915 vorwiegcnd)
1733 2876 1875 2906 wiielist.
1920 2876 1959 2906 R.
1978 2875 2127 2906 calvalus

50 2929 163 2961 findet
177 2930 249 2962 sich
265 2932 467 2972 vorzfiglieh
482 2932 517 2963 in
535 2932 747 2964 Schottland
762 2932 834 2962 und
851 2931 1024 2970 England,
1041 2930 1303 2961 nahesteliende
1319 2930 1469 2960 Formeu
1483 2929 1607 2969 jedocli
1624 2929 1712 2959 auch
1728 2929 1761 2959 in
1777 2928 2124 2959 Norddeutscliland.

52 2983 93 3014 R.
110 2983 242 3025 Laltyei
264 2984 401 3016 seheint
423 2995 490 3016 nur
512 2985 702 3017 vereinzelt
725 2985 811 3016 uber
834 2984 1043 3025 Ostjutlaud
1067 2984 1139 3015 und
1163 2982 1411 3023 Ostsehleswig
1433 2981 1735 3023 11i11auszugelien3
1761 2982 1802 3013 R.
1820 2981 2002 3013 (tirocuulis
2025 2981 2067 3011 ist
2092 2981 2126 3011 in

49 3059 193 3077 Bibliotheca
208 3060 323 3080 botanica.
348 3061 402 3079 Hert
417 3062 449 3080 83.
2026 3048 2057 3072 18
